<?xml version="1.0" encoding="UTF-8"?>
<!DOCTYPE html PUBLIC "-//W3C//DTD XHTML 1.0 Transitional//EN"
    "http://www.w3.org/TR/xhtml1/DTD/xhtml1-transitional.dtd">
<html xmlns="http://www.w3.org/1999/xhtml" xml:lang="en" lang="en">
 <head>
  <title>
</title>
<meta http-equiv="Content-Type" content="text/html;charset=utf-8" />
  <meta name='ocr-system' content='tesseract 3.04.00' />
  <meta name='ocr-capabilities' content='ocr_page ocr_carea ocr_par ocr_line ocrx_word'/>
</head>
<body>
  <div class='ocr_page' id='page_1' title='image "./deinstitutioneor03quinuoft_0013.png"; bbox 0 0 1702 3022; ppageno 0'>
   <div class='ocr_carea' id='block_1_1' title="bbox 625 159 1559 231">
    <p class='ocr_par' dir='ltr' id='par_1_1' title="bbox 625 122 1559 235">
     <span class='ocr_line' id='line_1_1' title="bbox 625 159 1559 231; baseline -0.004 -24"><span class='ocrx_word' id='word_1_1' title='bbox 625 159 1032 228; x_wconf 59' lang='lat' dir='ltr'>Lacrums.</span> <span class='ocrx_word' id='word_1_2' title='bbox 1341 176 1347 183; x_wconf 91' lang='lat'>·-</span> <span class='ocrx_word' id='word_1_3' title='bbox 1461 169 1559 231; x_wconf 53' lang='grc' dir='ltr'>ις·</span> 
     </span>
    </p>
   </div>
   <div class='ocr_carea' id='block_1_2' title="bbox 187 281 1550 1967">
    <p class='ocr_par' dir='ltr' id='par_1_2' title="bbox 187 281 1550 1967">
     <span class='ocr_line' id='line_1_2' title="bbox 187 281 1522 363; baseline -0.01 -18"><span class='ocrx_word' id='word_1_4' title='bbox 187 292 391 363; x_wconf 78' lang='lat' dir='ltr'>pendae</span> <span class='ocrx_word' id='word_1_5' title='bbox 430 289 759 353; x_wconf 83' lang='lat' dir='ltr'>annotationi</span> <span class='ocrx_word' id='word_1_6' title='bbox 798 284 974 354; x_wconf 81' lang='lat' dir='ltr'>paffim</span> <span class='ocrx_word' id='word_1_7' title='bbox 1011 283 1184 334; x_wconf 87' lang='lat' dir='ltr'>allitae</span> <span class='ocrx_word' id='word_1_8' title='bbox 1202 281 1289 334; x_wconf 87' lang='lat' dir='ltr'>-ad</span> <span class='ocrx_word' id='word_1_9' title='bbox 1326 284 1522 360; x_wconf 65' lang='lat' dir='ltr'>margi-⁴</span> 
     </span>
     <span class='ocr_line' id='line_1_3' title="bbox 187 373 1523 442; baseline -0.011 -5"><span class='ocrx_word' id='word_1_10' title='bbox 187 382 315 437; x_wconf 79' lang='lat' dir='ltr'>nem</span> <span class='ocrx_word' id='word_1_11' title='bbox 377 382 600 434; x_wconf 78' lang='lat' dir='ltr'><strong>Aldinae</strong></span> <span class='ocrx_word' id='word_1_12' title='bbox 644 377 902 429; x_wconf 80' lang='lat' dir='ltr'>secundae</span> <span class='ocrx_word' id='word_1_13' title='bbox 956 393 985 425; x_wconf 91' lang='lat' dir='ltr'>a</span> <span class='ocrx_word' id='word_1_14' title='bbox 1033 391 1199 425; x_wconf 87' lang='lat' dir='ltr'>manu</span> <span class='ocrx_word' id='word_1_15' title='bbox 1248 373 1523 442; x_wconf 81' lang='lat' dir='ltr'>Benedicti</span> 
     </span>
     <span class='ocr_line' id='line_1_4' title="bbox 190 463 1524 540; baseline -0.01 -15"><span class='ocrx_word' id='word_1_16' title='bbox 190 475 343 540; x_wconf 87' lang='lat' dir='ltr'>Aegii</span> <span class='ocrx_word' id='word_1_17' title='bbox 367 471 653 540; x_wconf 82' lang='lat' dir='ltr'><strong>Spoletini,</strong></span> <span class='ocrx_word' id='word_1_18' title='bbox 700 485 835 536; x_wconf 86' lang='lat' dir='ltr'>quae</span> <span class='ocrx_word' id='word_1_19' title='bbox 859 477 917 538; x_wconf 70' lang='lat' dir='ltr'>et</span> <span class='ocrx_word' id='word_1_20' title='bbox 950 465 1058 532; x_wconf 82' lang='lat' dir='ltr'>ipsa</span> <span class='ocrx_word' id='word_1_21' title='bbox 1084 464 1321 522; x_wconf 81' lang='lat' dir='ltr'>servatur</span> <span class='ocrx_word' id='word_1_22' title='bbox 1352 467 1412 513; x_wconf 89' lang='lat' dir='ltr'>in</span> <span class='ocrx_word' id='word_1_23' title='bbox 1440 463 1524 522; x_wconf 60' lang='lat' dir='ltr'>bi÷</span> 
     </span>
     <span class='ocr_line' id='line_1_5' title="bbox 189 545 1525 626; baseline -0.007 -15"><span class='ocrx_word' id='word_1_24' title='bbox 189 563 453 626; x_wconf 79' lang='lat' dir='ltr'>bliotheca</span> <span class='ocrx_word' id='word_1_25' title='bbox 485 545 750 623; x_wconf 80' lang='lat' dir='ltr'>Vaticana,</span> <span class='ocrx_word' id='word_1_26' title='bbox 785 576 865 610; x_wconf 58' lang='lat' dir='ltr'>aex</span> <span class='ocrx_word' id='word_1_27' title='bbox 897 561 1046 619; x_wconf 83' lang='lat' dir='ltr'>cujus</span> <span class='ocrx_word' id='word_1_28' title='bbox 1082 555 1356 622; x_wconf 83' lang='lat' dir='ltr'>diligentia</span> <span class='ocrx_word' id='word_1_29' title='bbox 1388 552 1525 618; x_wconf 79' lang='lat' dir='ltr'>quid</span> 
     </span>
     <span class='ocr_line' id='line_1_6' title="bbox 188 644 1529 719; baseline -0.008 -17"><span class='ocrx_word' id='word_1_30' title='bbox 188 650 527 718; x_wconf 82' lang='lat' dir='ltr'><strong>profecerim,</strong></span> <span class='ocrx_word' id='word_1_31' title='bbox 557 662 731 718; x_wconf 85' lang='lat' dir='ltr'>gratus</span> <span class='ocrx_word' id='word_1_32' title='bbox 761 648 1040 714; x_wconf 86' lang='lat' dir='ltr'>aliquoties</span> <span class='ocrx_word' id='word_1_33' title='bbox 1063 647 1122 695; x_wconf 88' lang='lat' dir='ltr'>in</span> <span class='ocrx_word' id='word_1_34' title='bbox 1150 646 1292 695; x_wconf 67' lang='lat' dir='ltr'>n‘otis</span> <span class='ocrx_word' id='word_1_35' title='bbox 1316 644 1529 719; x_wconf 63' lang='lat' dir='ltr'>monui,</span> 
     </span>
     <span class='ocr_line' id='line_1_7' title="bbox 191 732 1524 806; baseline -0.008 -14"><span class='ocrx_word' id='word_1_36' title='bbox 191 757 494 806; x_wconf 85' lang='lat' dir='ltr'>quanquam</span> <span class='ocrx_word' id='word_1_37' title='bbox 530 741 689 806; x_wconf 88' lang='lat' dir='ltr'>longe</span> <span class='ocrx_word' id='word_1_38' title='bbox 722 737 904 790; x_wconf 81' lang='lat' dir='ltr'>absum</span> <span class='ocrx_word' id='word_1_39' title='bbox 943 739 1007 788; x_wconf 89' lang='lat' dir='ltr'>ab</span> <span class='ocrx_word' id='word_1_40' title='bbox 1040 753 1099 789; x_wconf 90' lang='lat' dir='ltr'>ea</span> <span class='ocrx_word' id='word_1_41' title='bbox 1130 734 1367 786; x_wconf 85' lang='lat' dir='ltr'>hominis</span> <span class='ocrx_word' id='word_1_42' title='bbox 1403 732 1524 782; x_wconf 81' lang='lat' dir='ltr'>sane</span> 
     </span>
     <span class='ocr_line' id='line_1_8' title="bbox 191 823 1550 893; baseline -0.006 -14"><span class='ocrx_word' id='word_1_43' title='bbox 191 830 337 891; x_wconf 84' lang='lat' dir='ltr'>docti</span> <span class='ocrx_word' id='word_1_44' title='bbox 376 833 745 889; x_wconf 72' lang='lat' dir='ltr'>yeneratione,</span> <span class='ocrx_word' id='word_1_45' title='bbox 799 828 1012 892; x_wconf 89' lang='lat' dir='ltr'>qualem</span> <span class='ocrx_word' id='word_1_46' title='bbox 1047 843 1221 893; x_wconf 85' lang='lat' dir='ltr'><strong>nuper</strong></span> <span class='ocrx_word' id='word_1_47' title='bbox 1257 823 1550 885; x_wconf 63' lang='lat' dir='ltr'>simulavit</span> 
     </span>
     <span class='ocr_line' id='line_1_9' title="bbox 188 914 1525 986; baseline -0.003 -19"><span class='ocrx_word' id='word_1_48' title='bbox 188 915 465 967; x_wconf 85' lang='lat' dir='ltr'>famelicus</span> <span class='ocrx_word' id='word_1_49' title='bbox 492 916 748 982; x_wconf 81' lang='lat' dir='ltr'>sophistes</span> <span class='ocrx_word' id='word_1_50' title='bbox 780 916 1075 966; x_wconf 83' lang='lat' dir='ltr'>Parifienfis</span> <span class='ocrx_word' id='word_1_51' title='bbox 1105 914 1377 965; x_wconf 77' lang='lat' dir='ltr'>insidiatus</span> <span class='ocrx_word' id='word_1_52' title='bbox 1411 914 1525 986; x_wconf 70' lang='lat' dir='ltr'>glo-</span> 
     </span>
     <span class='ocr_line' id='line_1_10' title="bbox 189 986 1529 1070; baseline -0.004 -13"><span class='ocrx_word' id='word_1_53' title='bbox 189 1006 299 1058; x_wconf 80' lang='lat' dir='ltr'>riae</span> <span class='ocrx_word' id='word_1_54' title='bbox 335 1006 555 1056; x_wconf 85' lang='lat' dir='ltr'>maximi</span> <span class='ocrx_word' id='word_1_55' title='bbox 592 1004 890 1056; x_wconf 85' lang='lat' dir='ltr'>Casauboni</span> <span class='ocrx_word' id='word_1_56' title='bbox 922 1006 988 1069; x_wconf 48' lang='grc' dir='ltr'>ἢ.</span> <span class='ocrx_word' id='word_1_57' title='bbox 1069 1008 1222 1055; x_wconf 87' lang='lat' dir='ltr'>Duos</span> <span class='ocrx_word' id='word_1_58' title='bbox 1259 986 1529 1070; x_wconf 77' lang='lat' dir='ltr'>praeterea.</span> 
     </span>
     <span class='ocr_line' id='line_1_11' title="bbox 192 1076 1530 1164; baseline -0.001 -20"><span class='ocrx_word' id='word_1_59' title='bbox 192 1076 345 1146; x_wconf 73' lang='lat' dir='ltr'><strong>codd.</strong></span> <span class='ocrx_word' id='word_1_60' title='bbox 367 1095 757 1164; x_wconf 72' lang='lat' dir='ltr'>Quintuianeos</span> <span class='ocrx_word' id='word_1_61' title='bbox 777 1096 981 1144; x_wconf 73' lang='lat' dir='ltr'>Romae</span> <span class='ocrx_word' id='word_1_62' title='bbox 1000 1092 1220 1160; x_wconf 79' lang='lat' dir='ltr'>inspexi,</span> <span class='ocrx_word' id='word_1_63' title='bbox 1239 1093 1530 1160; x_wconf 48' lang='lat' dir='ltr'>bibliotheq</span> 
     </span>
     <span class='ocr_line' id='line_1_12' title="bbox 192 1183 1528 1254; baseline -0.003 -19"><span class='ocrx_word' id='word_1_64' title='bbox 192 1200 280 1235; x_wconf 89' lang='lat' dir='ltr'>cae</span> <span class='ocrx_word' id='word_1_65' title='bbox 299 1183 634 1237; x_wconf 85' lang='lat' dir='ltr'>Corfinianae</span> <span class='ocrx_word' id='word_1_66' title='bbox 655 1185 909 1254; x_wconf 84' lang='lat' dir='ltr'>alterum,</span> <span class='ocrx_word' id='word_1_67' title='bbox 949 1185 1175 1234; x_wconf 77' lang='lat' dir='ltr'>alterum</span> <span class='ocrx_word' id='word_1_68' title='bbox 1199 1183 1528 1241; x_wconf 86' lang='lat' dir='ltr'>Barberinae,</span> 
     </span>
     <span class='ocr_line' id='line_1_13' title="bbox 192 1272 1530 1341; baseline -0.002 -18"><span class='ocrx_word' id='word_1_69' title='bbox 192 1290 428 1341; x_wconf 85' lang='lat' dir='ltr'>quorum</span> <span class='ocrx_word' id='word_1_70' title='bbox 453 1275 602 1340; x_wconf 88' lang='lat' dir='ltr'>prior</span> <span class='ocrx_word' id='word_1_71' title='bbox 615 1274 655 1338; x_wconf 87' lang='lat'>.-(</span> <span class='ocrx_word' id='word_1_72' title='bbox 660 1275 825 1326; x_wconf 86' lang='lat' dir='ltr'>Num</span> <span class='ocrx_word' id='word_1_73' title='bbox 845 1279 969 1331; x_wconf 78' lang='lat'><strong>36-2.</strong></span> <span class='ocrx_word' id='word_1_74' title='bbox 993 1275 1164 1339; x_wconf 90' lang='lat' dir='ltr'>Fol.)‚</span> <span class='ocrx_word' id='word_1_75' title='bbox 1199 1272 1530 1323; x_wconf 81' lang='lat' dir='ltr'>membran-a-</span> 
     </span>
     <span class='ocr_line' id='line_1_14' title="bbox 193 1350 1531 1434; baseline -0.001 -21"><span class='ocrx_word' id='word_1_76' title='bbox 193 1380 317 1414; x_wconf 86' lang='lat' dir='ltr'>ceus</span> <span class='ocrx_word' id='word_1_77' title='bbox 334 1364 394 1412; x_wconf 90' lang='lat' dir='ltr'>in</span> <span class='ocrx_word' id='word_1_78' title='bbox 418 1364 595 1414; x_wconf 85' lang='lat' dir='ltr'>indice</span> <span class='ocrx_word' id='word_1_79' title='bbox 617 1364 930 1430; x_wconf 82' lang='lat' dir='ltr'>perhibitus,</span> <span class='ocrx_word' id='word_1_80' title='bbox 953 1362 1042 1413; x_wconf 86' lang='lat' dir='ltr'>sed</span> <span class='ocrx_word' id='word_1_81' title='bbox 1065 1350 1270 1431; x_wconf 88' lang='lat' dir='ltr'>praeter</span> <span class='ocrx_word' id='word_1_82' title='bbox 1291 1365 1531 1434; x_wconf 78' lang='lat' dir='ltr'>primum</span> 
     </span>
     <span class='ocr_line' id='line_1_15' title="bbox 191 1434 1530 1521; baseline 0 -18"><span class='ocrx_word' id='word_1_83' title='bbox 191 1451 388 1504; x_wconf 84' lang='lat' dir='ltr'>folium</span> <span class='ocrx_word' id='word_1_84' title='bbox 424 1453 748 1512; x_wconf 76' lang='lat' dir='ltr'>chartaceus,</span> <span class='ocrx_word' id='word_1_85' title='bbox 794 1455 931 1503; x_wconf 88' lang='lat' dir='ltr'>male</span> <span class='ocrx_word' id='word_1_86' title='bbox 962 1452 1185 1521; x_wconf 75' lang='lat' dir='ltr'>scriptus</span> <span class='ocrx_word' id='word_1_87' title='bbox 1226 1455 1433 1520; x_wconf 86' lang='lat' dir='ltr'>unique</span> <span class='ocrx_word' id='word_1_88' title='bbox 1465 1434 1530 1503; x_wconf 59' lang='lat' dir='ltr'>eit</span> 
     </span>
     <span class='ocr_line' id='line_1_16' title="bbox 191 1536 1530 1610; baseline -0.002 -16"><span class='ocrx_word' id='word_1_89' title='bbox 191 1539 468 1600; x_wconf 85' lang='lat' dir='ltr'>Vaticanis,</span> <span class='ocrx_word' id='word_1_90' title='bbox 503 1559 531 1593; x_wconf 92' lang='lat' dir='ltr'>e</span> <span class='ocrx_word' id='word_1_91' title='bbox 549 1545 816 1609; x_wconf 85' lang='lat' dir='ltr'>Poggiano</span> <span class='ocrx_word' id='word_1_92' title='bbox 843 1541 1092 1610; x_wconf 81' lang='lat' dir='ltr'>expreffo,</span> <span class='ocrx_word' id='word_1_93' title='bbox 1120 1542 1416 1594; x_wconf 87' lang='lat' dir='ltr'>fimillimus</span> <span class='ocrx_word' id='word_1_94' title='bbox 1438 1536 1530 1602; x_wconf 79' lang='lat' dir='ltr'>est,</span> 
     </span>
     <span class='ocr_line' id='line_1_17' title="bbox 193 1624 1528 1697; baseline 0 -17"><span class='ocrx_word' id='word_1_95' title='bbox 193 1632 323 1680; x_wconf 84' lang='lat' dir='ltr'>alter</span> <span class='ocrx_word' id='word_1_96' title='bbox 343 1624 536 1682; x_wconf 87' lang='lat' dir='ltr'>melior</span> <span class='ocrx_word' id='word_1_97' title='bbox 555 1631 676 1682; x_wconf 82' lang='lat' dir='ltr'>sane</span> <span class='ocrx_word' id='word_1_98' title='bbox 698 1634 886 1693; x_wconf 87' lang='lat' dir='ltr'>(Num.</span> <span class='ocrx_word' id='word_1_99' title='bbox 904 1648 931 1681; x_wconf 82' lang='lat'><em>2</em></span> <span class='ocrx_word' id='word_1_100' title='bbox 948 1639 1065 1697; x_wconf 77' lang='lat'>134.</span> <span class='ocrx_word' id='word_1_101' title='bbox 1081 1634 1191 1682; x_wconf 89' lang='lat' dir='ltr'>Fol.</span> <span class='ocrx_word' id='word_1_102' title='bbox 1213 1633 1528 1697; x_wconf 82' lang='lat' dir='ltr'>membran.)</span> 
     </span>
     <span class='ocr_line' id='line_1_18' title="bbox 193 1720 1529 1790; baseline 0.001 -20"><span class='ocrx_word' id='word_1_103' title='bbox 193 1721 260 1770; x_wconf 91' lang='lat' dir='ltr'>ad</span> <span class='ocrx_word' id='word_1_104' title='bbox 282 1720 762 1790; x_wconf 86' lang='lat' dir='ltr'>Guelferbytanum</span> <span class='ocrx_word' id='word_1_105' title='bbox 785 1734 836 1771; x_wconf 89' lang='lat' dir='ltr'>et</span> <span class='ocrx_word' id='word_1_106' title='bbox 857 1722 1128 1772; x_wconf 88' lang='lat' dir='ltr'>interdum</span> <span class='ocrx_word' id='word_1_107' title='bbox 1151 1724 1307 1771; x_wconf 85' lang='lat' dir='ltr'>etiam</span> <span class='ocrx_word' id='word_1_108' title='bbox 1329 1723 1396 1772; x_wconf 88' lang='lat' dir='ltr'>ad</span> <span class='ocrx_word' id='word_1_109' title='bbox 1422 1724 1529 1772; x_wconf 90' lang='lat' dir='ltr'>Go-</span> 
     </span>
     <span class='ocr_line' id='line_1_19' title="bbox 192 1799 1530 1876; baseline 0.002 -18"><span class='ocrx_word' id='word_1_110' title='bbox 192 1810 419 1861; x_wconf 82' lang='lat' dir='ltr'>thanum</span> <span class='ocrx_word' id='word_1_111' title='bbox 454 1799 698 1869; x_wconf 82' lang='lat' dir='ltr'>accedere</span> <span class='ocrx_word' id='word_1_112' title='bbox 737 1812 970 1862; x_wconf 81' lang='lat' dir='ltr'>videtur.</span> <span class='ocrx_word' id='word_1_113' title='bbox 1058 1816 1184 1874; x_wconf 82' lang='lat' dir='ltr'>Ejus</span> <span class='ocrx_word' id='word_1_114' title='bbox 1224 1811 1444 1876; x_wconf 90' lang='lat' dir='ltr'>quidem</span> <span class='ocrx_word' id='word_1_115' title='bbox 1483 1812 1530 1861; x_wconf 88' lang='lat' dir='ltr'>is</span> 
     </span>
     <span class='ocr_line' id='line_1_20' title="bbox 195 1886 1531 1967; baseline 0.003 -21"><span class='ocrx_word' id='word_1_116' title='bbox 195 1899 295 1963; x_wconf 75' lang='lat' dir='ltr'>qni</span> <span class='ocrx_word' id='word_1_117' title='bbox 326 1901 457 1947; x_wconf 81' lang='lat' dir='ltr'>olim</span> <span class='ocrx_word' id='word_1_118' title='bbox 487 1886 900 1949; x_wconf 84' lang='lat' dir='ltr'>Barberinorum</span> <span class='ocrx_word' id='word_1_119' title='bbox 932 1900 1201 1952; x_wconf 86' lang='lat' dir='ltr'>librariam</span> <span class='ocrx_word' id='word_1_120' title='bbox 1231 1900 1531 1967; x_wconf 80' lang='lat' dir='ltr'>supellecti-</span> 
     </span>
    </p>
   </div>
   <div class='ocr_carea' id='block_1_3' title="bbox 194 1982 1620 2045">
    <p class='ocr_par' dir='ltr' id='par_1_3' title="bbox 194 1982 1620 2045">
     <span class='ocr_line' id='line_1_21' title="bbox 194 1982 1620 2045; baseline 0.008 -14"><span class='ocrx_word' id='word_1_121' title='bbox 194 1983 305 2035; x_wconf 86' lang='lat' dir='ltr'>lem</span> <span class='ocrx_word' id='word_1_122' title='bbox 364 1982 781 2045; x_wconf 81' lang='lat' dir='ltr'>administrabat,</span> <span class='ocrx_word' id='word_1_123' title='bbox 851 1987 1167 2042; x_wconf 87' lang='lat' dir='ltr'>doctiffimus</span> <span class='ocrx_word' id='word_1_124' title='bbox 1234 1993 1529 2042; x_wconf 84' lang='lat' dir='ltr'>Garatonus</span> <span class='ocrx_word' id='word_1_125' title='bbox 1610 2028 1620 2032; x_wconf 69' lang='lat'><em>,</em></span> 
     </span>
    </p>
   </div>
   <div class='ocr_carea' id='block_1_4' title="bbox 179 2070 1532 2684">
    <p class='ocr_par' dir='ltr' id='par_1_4' title="bbox 179 2070 1532 2684">
     <span class='ocr_line' id='line_1_22' title="bbox 196 2070 1530 2149; baseline 0.009 -30"><span class='ocrx_word' id='word_1_126' title='bbox 196 2070 372 2138; x_wconf 81' lang='lat' dir='ltr'>paffim</span> <span class='ocrx_word' id='word_1_127' title='bbox 390 2071 456 2121; x_wconf 91' lang='lat' dir='ltr'>ad</span> <span class='ocrx_word' id='word_1_128' title='bbox 482 2074 754 2125; x_wconf 78' lang='lat' dir='ltr'>Ciceronis</span> <span class='ocrx_word' id='word_1_129' title='bbox 776 2074 860 2125; x_wconf 81' lang='lat' dir='ltr'>sui</span> <span class='ocrx_word' id='word_1_130' title='bbox 885 2077 1177 2129; x_wconf 83' lang='lat' dir='ltr'>editionem</span> <span class='ocrx_word' id='word_1_131' title='bbox 1200 2097 1314 2130; x_wconf 88' lang='lat' dir='ltr'>non</span> <span class='ocrx_word' id='word_1_132' title='bbox 1340 2081 1530 2149; x_wconf 48' lang='lat' dir='ltr'>poenif</span> 
     </span>
     <span class='ocr_line' id='line_1_23' title="bbox 196 2160 1530 2236; baseline 0.007 -27"><span class='ocrx_word' id='word_1_133' title='bbox 196 2160 411 2211; x_wconf 88' lang='lat' dir='ltr'>tendam</span> <span class='ocrx_word' id='word_1_134' title='bbox 436 2162 585 2212; x_wconf 90' lang='lat' dir='ltr'>dedit</span> <span class='ocrx_word' id='word_1_135' title='bbox 612 2165 868 2216; x_wconf 86' lang='lat' dir='ltr'>notitiam.</span> <span class='ocrx_word' id='word_1_136' title='bbox 945 2170 1193 2234; x_wconf 86' lang='lat' dir='ltr'>Denique</span> <span class='ocrx_word' id='word_1_137' title='bbox 1213 2171 1447 2236; x_wconf 87' lang='lat' dir='ltr'>&#39;Neapoli</span> <span class='ocrx_word' id='word_1_138' title='bbox 1468 2171 1530 2219; x_wconf 89' lang='lat' dir='ltr'>in</span> 
     </span>
     <span class='ocr_line' id='line_1_24' title="bbox 196 2251 1527 2330; baseline 0.007 -30"><span class='ocrx_word' id='word_1_139' title='bbox 196 2251 520 2314; x_wconf 77' lang='lat' dir='ltr'>bibliotheca</span> <span class='ocrx_word' id='word_1_140' title='bbox 529 2255 675 2321; x_wconf 55' lang='lat' dir='ltr'>&#39;regia</span> <span class='ocrx_word' id='word_1_141' title='bbox 689 2257 748 2330; x_wconf 80' lang='lat' dir='ltr'>in</span> <span class='ocrx_word' id='word_1_142' title='bbox 763 2257 1062 2308; x_wconf 84' lang='lat' dir='ltr'>transcursu</span> <span class='ocrx_word' id='word_1_143' title='bbox 1080 2259 1395 2325; x_wconf 83' lang='lat' dir='ltr'>perlustravi</span> <span class='ocrx_word' id='word_1_144' title='bbox 1414 2262 1527 2310; x_wconf 86' lang='lat' dir='ltr'>MS.</span> 
     </span>
     <span class='ocr_line' id='line_1_25' title="bbox 200 2333 1531 2414; baseline 0.008 -26"><span class='ocrx_word' id='word_1_145' title='bbox 200 2342 521 2404; x_wconf 85' lang='lat' dir='ltr'>(membran.</span> <span class='ocrx_word' id='word_1_146' title='bbox 551 2345 717 2393; x_wconf 89' lang='lat' dir='ltr'>Num.</span> <span class='ocrx_word' id='word_1_147' title='bbox 751 2361 910 2414; x_wconf 77' lang='lat'><strong>2459.</strong></span> <span class='ocrx_word' id='word_1_148' title='bbox 935 2349 1080 2414; x_wconf 84' lang='lat' dir='ltr'>Fol.)</span> <span class='ocrx_word' id='word_1_149' title='bbox 1117 2349 1176 2398; x_wconf 88' lang='lat' dir='ltr'>in</span> <span class='ocrx_word' id='word_1_150' title='bbox 1210 2352 1357 2410; x_wconf 88' lang='lat' dir='ltr'>cujus</span> <span class='ocrx_word' id='word_1_151' title='bbox 1392 2333 1531 2398; x_wconf 77' lang='lat' dir='ltr'>calce</span> 
     </span>
     <span class='ocr_line' id='line_1_26' title="bbox 200 2429 1532 2497; baseline 0.006 -18"><span class='ocrx_word' id='word_1_152' title='bbox 200 2429 330 2479; x_wconf 83' lang='lat' dir='ltr'>haec</span> <span class='ocrx_word' id='word_1_153' title='bbox 361 2431 614 2497; x_wconf 85' lang='lat' dir='ltr'>leguntur</span> <span class='ocrx_word' id='word_1_154' title='bbox 651 2437 958 2487; x_wconf 86' lang='lat' dir='ltr'>IOANNES</span> <span class='ocrx_word' id='word_1_155' title='bbox 999 2439 1338 2488; x_wconf 88' lang='lat' dir='ltr'><strong>MERVELT</strong></span> <span class='ocrx_word' id='word_1_156' title='bbox 1377 2438 1532 2497; x_wconf 79' lang='lat' dir='ltr'>CLE-</span> 
     </span>
     <span class='ocr_line' id='line_1_27' title="bbox 179 2510 1532 2589; baseline 0.006 -20"><span class='ocrx_word' id='word_1_157' title='bbox 179 2510 399 2570; x_wconf 78' lang='lat' dir='ltr'>&#39;mcvs</span> <span class='ocrx_word' id='word_1_158' title='bbox 440 2519 1070 2585; x_wconf 72' lang='lat' dir='ltr'>MONASTEmENsls,</span> <span class='ocrx_word' id='word_1_159' title='bbox 1125 2528 1184 2576; x_wconf 75' lang='lat' dir='ltr'>in</span> <span class='ocrx_word' id='word_1_160' title='bbox 1225 2525 1402 2576; x_wconf 77' lang='lat' dir='ltr'>aversa</span> <span class='ocrx_word' id='word_1_161' title='bbox 1431 2545 1532 2589; x_wconf 11' lang='lat' dir='ltr'>*au-</span> 
     </span>
     <span class='ocr_line' id='line_1_28' title="bbox 202 2611 1532 2684; baseline 0.008 -28"><span class='ocrx_word' id='word_1_162' title='bbox 202 2615 311 2658; x_wconf 80' lang='lat' dir='ltr'>tem</span> <span class='ocrx_word' id='word_1_163' title='bbox 335 2611 575 2672; x_wconf 80' lang='lat' dir='ltr'>ejusdem</span> <span class='ocrx_word' id='word_1_164' title='bbox 604 2613 727 2664; x_wconf 80' lang='lat' dir='ltr'>folii</span> <span class='ocrx_word' id='word_1_165' title='bbox 753 2627 899 2684; x_wconf 85' lang='lat' dir='ltr'>parte</span> <span class='ocrx_word' id='word_1_166' title='bbox 932 2616 1152 2666; x_wconf 82' lang='lat' dir='ltr'>disticha</span> <span class='ocrx_word' id='word_1_167' title='bbox 1187 2619 1430 2683; x_wconf 84' lang='lat' dir='ltr'>quinque</span> <span class='ocrx_word' id='word_1_168' title='bbox 1458 2615 1532 2674; x_wconf 79' lang='lat' dir='ltr'>sat</span> 
     </span>
    </p>
   </div>
   <div class='ocr_carea' id='block_1_5' title="bbox 246 2717 1532 2793">
    <p class='ocr_par' dir='ltr' id='par_1_5' title="bbox 246 2717 1532 2793">
     <span class='ocr_line' id='line_1_29' title="bbox 246 2717 1532 2793; baseline 0.001 -28"><span class='ocrx_word' id='word_1_169' title='bbox 246 2717 297 2776; x_wconf 42' lang='lat' dir='ltr'>f)</span> <span class='ocrx_word' id='word_1_170' title='bbox 322 2719 427 2770; x_wconf 69' lang='lat' dir='ltr'>Yido</span> <span class='ocrx_word' id='word_1_171' title='bbox 437 2721 772 2790; x_wconf 54' lang='lat' dir='ltr'>Sehvreigheuseri</span> <span class='ocrx_word' id='word_1_172' title='bbox 782 2727 903 2768; x_wconf 73' lang='lat' dir='ltr'>me.</span> <span class='ocrx_word' id='word_1_173' title='bbox 923 2727 969 2765; x_wconf 81' lang='lat' dir='ltr'>in</span> <span class='ocrx_word' id='word_1_174' title='bbox 987 2726 1232 2785; x_wconf 59' lang='lat' dir='ltr'>Athenaeum</span> <span class='ocrx_word' id='word_1_175' title='bbox 1251 2729 1418 2793; x_wconf 56' lang='lat' dir='ltr'>2.J..{QI</span> <span class='ocrx_word' id='word_1_176' title='bbox 1429 2729 1532 2779; x_wconf 76' lang='lat' dir='ltr'>seqq.</span> 
     </span>
    </p>
   </div>
  </div>
 </body>
</html>
