1702 3022
350 180 516 228 msr.
556 175 833 230 onnon.
876 165 1000 224 Lm.
1034 177 1167 236 vm,
1205 177 1251 225 6.-
1367 172 1462 236 303

128 298 294 385 atque
340 307 431 358 in
445 305 605 357 usum
652 316 887 374 receptos
938 320 1292 370 exequemur:
1358 293 1469 355 lio&

136 375 305 438 incido
353 387 415 434 in
459 384 549 434 his
594 381 853 435 annotass'e
897 383 1158 441 contenti,
1207 381 1467 447 quosdam

140 463 303 529 gratia
318 458 412 533 so
386 459 738 533 ‹rng'ficationzla
767 459 1029 548 quosdam
1050 459 1246 509 decoris
1268 456 1469 517 alrami,

141 549 195 588 et
215 538 312 587 elle
333 539 502 588 alios
486 554 547 586 m
568 539 747 588 verbis
769 539 1024 604 propriis,
1064 537 1228 587 alios'
1212 553 1272 585 1n
1302 541 1473 585 tr'ans·

142 615 287 664 latis.-
333 617 572 679 vertique
590 610 807 683 formas
835 619 946 666 non
980 611 1269 679 verborum,
1288 612 1471 670 mode,

142 690 232 740 sed
254 701 305 740 et
312 686 588 762 sensuum,
626 702 678 740 et
706 683 1087 764 compositionis.
1140 694 1317 760 Quare
1333 689 1509 742 mihiz

142 768 399 818 videntur
422 764 638 826 ‘errass'e‚
688 770 786 834 qui
817 786 931 819 non
962 770 1095 817 alios
1133 766 1476 820 crediderunt

144 855 352 911 tropos,
399 861 559 910 quam
589 846 648 893 in
688 846 886 910 quibus
921 845 1149 894 verbum
1177 861 1277 911 pro
1309 844 1476 892 verbo

145 931 448 989 poneretur.
525 922 721 986 Neque
752 922 894 972 illud
924 923 1144 988 ignom,
1194 921 1254 969 in
1283 919 1480 970 iisdem

146 998 285 1058 fere,
328 998 424 1063 qui
449 995 774 1064 significandi
803 1000 967 1066 gratia
995 997 1341 1055 adhibentur,
1360 1063 1364 1070 Ι
1381 993 1481 1045 effe

149 1085 205 1124 et
235 1084 515 1132 ornatum:
573 1073 664 1124 sed
699 1093 813 1126 non
853 1075 999 1125 idem
1041 1073 1241 1124 accidet
1282 1084 1483 1132 contra,

150 1161 416 1217 eruntque
447 1150 664 1217 quidam
695 1162 905 1202 tantum
936 1151 1004 1200 ad.
1031 1150 1258 1218 speciem
1281 1150 1485 1199 accom-

148 1227 366 1278 modati.
441 1229 765 1294 Incipiamus
797 1229 966 1294 igitur
995 1227 1060 1276 ab
1091 1244 1184 1287 eo,
1232 1228 1327 1293 qui
1360 1230 1523 1285 cum‘q

151 1303 263 1368 freq
272 1302 593 1354 uentissimus
615 1302 713 1364 est,
748 1314 869 1354 tum
890 1305 1051 1371 longe
1070 1304 1488 1371 pulcherrimae,

153 1381 499 1430 translatione.
518 1379 667 1439 dico,
721 1397 856 1446 quae
890 1387 1134 1448 μεταφορὰ
1169 1383 1363 1430 Graece
1392 1398 1489 1429 vo-

155 1467 314 1507 catur.
370 1461 515 1527 Quae
539 1456 761 1522 quidem
780 1475 905 1507 cum
925 1460 999 1507 ita
1021 1458 1095 1505 est
1114 1459 1177 1505 ab
1198 1455 1308 1523 ipsa
1328 1456 1489 1505 nobis

157 1530 387 1582 conceffa
415 1544 632 1591 natura,
685 1544 748 1582 ut
779 1534 985 1584 indocti
1025 1549 1245 1599 quoque
1286 1549 1344 1582 ac
1375 1548 1492 1582 non

66 1631 143 1668 73²
158 1608 437 1658 sentientes
462 1625 523 1656 ea
550 1606 858 1672 frequenter
881 1620 1125 1660 utantur:
1165 1620 1283 1660 tum
1303 1610 1378 1659 ita
1409 1612 1494 1669 in-

157 1683 333 1735 cunda
354 1693 511 1750 atque
531 1683 716 1741 nitida,
744 1687 884 1734 utin
909 1687 1166 1743 oratione,
1200 1684 1494 1751 quamlibet

159 1763 321 1821 clara,
360 1761 582 1828 proprio
606 1770 782 1810 tamen
802 1762 1009 1809 lumine
1033 1762 1246 1810 eluceat.
1297 1763 1490 1826 Neque
1506 1780 1529 1818 5

158 1839 310 1889 enim
365 1837 603 1903 vulgaris
657 1833 782 1895 effe,
846 1853 1022 1902 neque
1075 1837 1330 1896 humilis,
1394 1853 1494 1887 nec
1532 1844 1535 1846 “

247 1995 316 2032 hoc
337 1993 463 2032 modo.
507 1992 1107 2031 Turic.F10r.Gue1f.Haeem.
1132 2005 1222 2029 cum
1249 1992 1369 2031 Goth.
1389 1991 1494 2030 Alm.

162 2052 269 2093 Vols.
297 2063 334 2088 2.
366 2052 481 2087 Bern.
504 2061 541 2086 et
573 2049 657 2086 edd.
682 2062 768 2086 ame
789 2050 882 2086 Bad.
923 2050 996 2086 Sed
1019 2052 1152 2099 Camp.
1178 2049 1327 2089 Necm.

249 2116 287 2152 5.
319 2107 598 2144 accommodati.
648 2107 782 2146 Turic.
807 2106 1119 2142 accommodandi.

251 2170 287 2208 4.
316 2165 379 2215 qui
402 2177 493 2199 cum.
543 2164 575 2197 A
598 2163 814 2214 pr.'1'uric.
841 2175 959 2198 mauu
988 2163 1099 2212 prius
1119 2162 1276 2203 horum,
1309 2162 1356 2199 ab
1379 2161 1498 2199 altera

165 2220 330 2258 alterum
361 2220 568 2256 omittitur.

254 2284 290 2322 5.
320 2290 435 2326 neque
458 2276 618 2311 humilis.
666 2275 729 2311 Sic
751 2274 883 2310 Turic.
912 2273 1018 2312 Flor.
1045 2273 1174 2312 Guelf.
1208 2275 1341 2324 Camp.
1391 2273 1497 2315 Reli-

170 2333 240 2384 qui
269 2347 333 2369 nec
356 2332 390 2369 h.
439 2334 491 2368 At
511 2344 606 2368 mox
625 2346 689 2367 nec
711 2330 776 2380 ins.
809 2343 942 2366 omnes
962 2341 1112 2380 praeter
1132 2331 1264 2380 camp.
1292 2330 1338 2366 cf.
1356 2339 1393 2374 5,
1407 2341 1443 2378 9,
1460 2336 1498 2373 5.

173 2397 210 2433 5,
235 2402 297 2429 ιι,
318 2398 383 2433 23.
436 2389 491 2438 Ut
521 2398 669 2424 certum
689 2388 739 2425 est
759 2401 801 2423 ac
821 2386 952 2425 vocali
979 2398 1062 2424 non
1089 2387 1310 2438 praemitti,
1351 2388 1406 2422 ita
1435 2397 1502 2421 noo

171 2442 342 2482 fluctuat.

230 2577 268 2604 2.
316 2571 478 2617 propriis
516 2588 572 2598 -
608 2570 807 2607 translatis.
866 2566 1055 2605 translatis
1075 2567 1174 2604 novi
1193 2565 1279 2603 fieri
1298 2566 1416 2615 tropi.

173 2624 275 2662 Cum
305 2623 456 2673 aliquot
484 2626 602 2663 verba
632 2638 708 2663 tam
729 2639 808 2661 rna-
923 2625 976 2670 4.'
1000 2624 1203 2674 quamlibet
1250 2623 1351 2658 clara
1399 2623 1449 2658 i„
1468 2635 1503 2659 ο.

172 2691 258 2717 ture
279 2681 500 2718 transierint
518 2684 563 2719 in
581 2683 678 2720 alios
695 2681 808 2730 figni·
865 2681 1038 2730 speciosa.
1080 2681 1130 2721 cf.
1154 2687 1192 2726 8,
1223 2680 1259 2724 5,
1285 2685 1350 2725 28.
1388 2690 1426 2731 9,
1465 2693 1501 2721 ι,

174 2733 319 2780 ficatus,
343 2738 499 2787 poss‘unt
517 2740 560 2776 in
582 2732 669 2789 ipfis
694 2739 807 2776 etiam
866 2744 932 2781 25.
1281 2750 1288 2756 ·
