<?xml version="1.0" encoding="UTF-8"?>
<!DOCTYPE html PUBLIC "-//W3C//DTD XHTML 1.0 Transitional//EN"
    "http://www.w3.org/TR/xhtml1/DTD/xhtml1-transitional.dtd">
<html xmlns="http://www.w3.org/1999/xhtml" xml:lang="en" lang="en">
 <head>
  <title>
</title>
<meta http-equiv="Content-Type" content="text/html;charset=utf-8" />
  <meta name='ocr-system' content='tesseract 3.04.00' />
  <meta name='ocr-capabilities' content='ocr_page ocr_carea ocr_par ocr_line ocrx_word'/>
</head>
<body>
  <div class='ocr_page' id='page_1' title='image "./deinstitutioneor03quinuoft_0114.png"; bbox 0 0 1702 3022; ppageno 0'>
   <div class='ocr_carea' id='block_1_1' title="bbox 248 212 1405 296">
    <p class='ocr_par' dir='ltr' id='par_1_1' title="bbox 248 212 1405 296">
     <span class='ocr_line' id='line_1_1' title="bbox 248 212 1405 296; baseline -0.013 -1"><span class='ocrx_word' id='word_1_1' title='bbox 248 212 333 296; x_wconf 66' lang='grc'>911</span> <span class='ocrx_word' id='word_1_2' title='bbox 548 233 625 282; x_wconf 88' lang='lat' dir='ltr'>M.</span> <span class='ocrx_word' id='word_1_3' title='bbox 677 233 802 284; x_wconf 72' lang='grc' dir='ltr'><strong>ΕΔΒ.</strong></span> <span class='ocrx_word' id='word_1_4' title='bbox 852 234 1269 294; x_wconf 78' lang='lat' dir='ltr'>QUINTILIANI</span> <span class='ocrx_word' id='word_1_5' title='bbox 1306 239 1314 259; x_wconf 72' lang='lat'><em>2</em></span> <span class='ocrx_word' id='word_1_6' title='bbox 1394 256 1405 267; x_wconf 76' lang='lat'>,.</span> 
     </span>
    </p>
   </div>
   <div class='ocr_carea' id='block_1_2' title="bbox 180 356 1581 1117">
    <p class='ocr_par' dir='ltr' id='par_1_2' title="bbox 180 356 1581 1117">
     <span class='ocr_line' id='line_1_2' title="bbox 185 356 1574 433; baseline -0.001 -22"><span class='ocrx_word' id='word_1_7' title='bbox 185 362 376 421; x_wconf 83' lang='lat' dir='ltr'><strong>¹9Ejus</strong></span> <span class='ocrx_word' id='word_1_8' title='bbox 418 369 589 418; x_wconf 78' lang='lat' dir='ltr'>certus</span> <span class='ocrx_word' id='word_1_9' title='bbox 619 359 753 411; x_wconf 84' lang='lat' dir='ltr'>ordo</span> <span class='ocrx_word' id='word_1_10' title='bbox 789 360 888 420; x_wconf 86' lang='lat' dir='ltr'>est,</span> <span class='ocrx_word' id='word_1_11' title='bbox 937 359 1065 425; x_wconf 78' lang='lat' dir='ltr'>quid</span> <span class='ocrx_word' id='word_1_12' title='bbox 1096 356 1214 432; x_wconf 78' lang='lat' dir='ltr'>sit?</span> <span class='ocrx_word' id='word_1_13' title='bbox 1257 376 1325 409; x_wconf 83' lang='lat' dir='ltr'>an</span> <span class='ocrx_word' id='word_1_14' title='bbox 1352 359 1445 410; x_wconf 79' lang='lat' dir='ltr'>hoc</span> <span class='ocrx_word' id='word_1_15' title='bbox 1461 357 1574 433; x_wconf 74' lang='lat' dir='ltr'>stc?</span> 
     </span>
     <span class='ocr_line' id='line_1_3' title="bbox 247 435 1574 505; baseline 0.002 -21"><span class='ocrx_word' id='word_1_16' title='bbox 247 447 299 485; x_wconf 88' lang='lat' dir='ltr'>et</span> <span class='ocrx_word' id='word_1_17' title='bbox 317 437 376 485; x_wconf 87' lang='lat' dir='ltr'>in</span> <span class='ocrx_word' id='word_1_18' title='bbox 398 436 502 487; x_wconf 90' lang='lat' dir='ltr'>hoc</span> <span class='ocrx_word' id='word_1_19' title='bbox 540 435 650 488; x_wconf 85' lang='lat' dir='ltr'>fere</span> <span class='ocrx_word' id='word_1_20' title='bbox 670 438 821 488; x_wconf 84' lang='lat' dir='ltr'>labor</span> <span class='ocrx_word' id='word_1_21' title='bbox 839 441 1008 499; x_wconf 84' lang='lat' dir='ltr'>major</span> <span class='ocrx_word' id='word_1_22' title='bbox 1037 435 1136 494; x_wconf 84' lang='lat' dir='ltr'>est,</span> <span class='ocrx_word' id='word_1_23' title='bbox 1176 447 1237 485; x_wconf 86' lang='lat' dir='ltr'>ut</span> <span class='ocrx_word' id='word_1_24' title='bbox 1271 435 1574 505; x_wconf 83' lang='lat' dir='ltr'>finitionem</span> 
     </span>
     <span class='ocr_line' id='line_1_4' title="bbox 248 506 1577 580; baseline 0 -19"><span class='ocrx_word' id='word_1_25' title='bbox 248 511 549 571; x_wconf 79' lang='lat' dir='ltr'>confirmes,</span> <span class='ocrx_word' id='word_1_26' title='bbox 588 532 748 580; x_wconf 87' lang='lat' dir='ltr'>quam</span> <span class='ocrx_word' id='word_1_27' title='bbox 775 516 916 563; x_wconf 86' lang='lat' dir='ltr'>utin</span> <span class='ocrx_word' id='word_1_28' title='bbox 947 531 1059 562; x_wconf 82' lang='lat' dir='ltr'>rem</span> <span class='ocrx_word' id='word_1_29' title='bbox 1079 512 1377 562; x_wconf 86' lang='lat' dir='ltr'>finitionem</span> <span class='ocrx_word' id='word_1_30' title='bbox 1408 506 1577 579; x_wconf 81' lang='lat' dir='ltr'>appli-</span> 
     </span>
     <span class='ocr_line' id='line_1_5' title="bbox 248 587 1575 662; baseline -0.001 -24"><span class='ocrx_word' id='word_1_31' title='bbox 248 606 343 655; x_wconf 77' lang='lat' dir='ltr'>ces.</span> <span class='ocrx_word' id='word_1_32' title='bbox 405 591 467 638; x_wconf 89' lang='lat' dir='ltr'>In</span> <span class='ocrx_word' id='word_1_33' title='bbox 492 606 582 649; x_wconf 87' lang='lat' dir='ltr'>eo,</span> <span class='ocrx_word' id='word_1_34' title='bbox 617 587 864 662; x_wconf 78' lang='lat' dir='ltr'>quidfit?</span> <span class='ocrx_word' id='word_1_35' title='bbox 903 590 1101 656; x_wconf 81' lang='lat' dir='ltr'>duplex</span> <span class='ocrx_word' id='word_1_36' title='bbox 1122 607 1254 655; x_wconf 87' lang='lat' dir='ltr'>opus</span> <span class='ocrx_word' id='word_1_37' title='bbox 1277 590 1362 639; x_wconf 84' lang='lat' dir='ltr'>est.</span> <span class='ocrx_word' id='word_1_38' title='bbox 1430 591 1575 637; x_wconf 85' lang='lat' dir='ltr'>Nam</span> 
     </span>
     <span class='ocr_line' id='line_1_6' title="bbox 247 657 1578 732; baseline 0.001 -18"><span class='ocrx_word' id='word_1_39' title='bbox 247 674 300 714; x_wconf 85' lang='lat' dir='ltr'>et</span> <span class='ocrx_word' id='word_1_40' title='bbox 325 664 499 715; x_wconf 84' lang='lat' dir='ltr'>nostra</span> <span class='ocrx_word' id='word_1_41' title='bbox 532 657 888 716; x_wconf 79' lang='lat' dir='ltr'>confirmanda</span> <span class='ocrx_word' id='word_1_42' title='bbox 920 666 1017 725; x_wconf 85' lang='lat' dir='ltr'>est,</span> <span class='ocrx_word' id='word_1_43' title='bbox 1058 677 1109 714; x_wconf 86' lang='lat' dir='ltr'>et</span> <span class='ocrx_word' id='word_1_44' title='bbox 1140 664 1380 716; x_wconf 83' lang='lat' dir='ltr'>adversae</span> <span class='ocrx_word' id='word_1_45' title='bbox 1416 666 1578 732; x_wconf 84' lang='lat' dir='ltr'>partis</span> 
     </span>
     <span class='ocr_line' id='line_1_7' title="bbox 180 740 1579 806; baseline 0 -17"><span class='ocrx_word' id='word_1_46' title='bbox 180 760 232 789; x_wconf 77' lang='lat'>20</span> <span class='ocrx_word' id='word_1_47' title='bbox 249 740 563 790; x_wconf 84' lang='lat' dir='ltr'>destruenda</span> <span class='ocrx_word' id='word_1_48' title='bbox 597 740 785 791; x_wconf 87' lang='lat' dir='ltr'>finitio.</span> <span class='ocrx_word' id='word_1_49' title='bbox 866 742 1101 806; x_wconf 80' lang='lat' dir='ltr'>Ideoque</span> <span class='ocrx_word' id='word_1_50' title='bbox 1140 743 1197 790; x_wconf 90' lang='lat' dir='ltr'>in</span> <span class='ocrx_word' id='word_1_51' title='bbox 1231 740 1430 799; x_wconf 83' lang='lat' dir='ltr'>schola,</span> <span class='ocrx_word' id='word_1_52' title='bbox 1480 742 1579 791; x_wconf 80' lang='lat' dir='ltr'>ubi</span> 
     </span>
     <span class='ocr_line' id='line_1_8' title="bbox 220 814 1581 883; baseline -0.001 -15"><span class='ocrx_word' id='word_1_53' title='bbox 220 818 401 881; x_wconf 22' lang='lat' dir='ltr'>*nobis</span> <span class='ocrx_word' id='word_1_54' title='bbox 456 816 556 883; x_wconf 79' lang='lat' dir='ltr'>ipsi</span> <span class='ocrx_word' id='word_1_55' title='bbox 599 814 847 882; x_wconf 84' lang='lat' dir='ltr'>fingimus</span> <span class='ocrx_word' id='word_1_56' title='bbox 898 817 1392 877; x_wconf 81' lang='lat' dir='ltr'>contradictionem,</span> <span class='ocrx_word' id='word_1_57' title='bbox 1442 816 1581 867; x_wconf 82' lang='lat' dir='ltr'>duos</span> 
     </span>
     <span class='ocr_line' id='line_1_9' title="bbox 245 890 1580 961; baseline -0.001 -18"><span class='ocrx_word' id='word_1_58' title='bbox 245 908 447 961; x_wconf 82' lang='lat' dir='ltr'>ponere</span> <span class='ocrx_word' id='word_1_59' title='bbox 476 892 731 941; x_wconf 86' lang='lat' dir='ltr'>debemus</span> <span class='ocrx_word' id='word_1_60' title='bbox 774 890 933 949; x_wconf 83' lang='lat' dir='ltr'>fines,</span> <span class='ocrx_word' id='word_1_61' title='bbox 975 894 1154 957; x_wconf 84' lang='lat' dir='ltr'>quales</span> <span class='ocrx_word' id='word_1_62' title='bbox 1188 895 1444 959; x_wconf 84' lang='lat' dir='ltr'>utrinque</span> <span class='ocrx_word' id='word_1_63' title='bbox 1481 891 1580 943; x_wconf 83' lang='lat' dir='ltr'>effe</span> 
     </span>
     <span class='ocr_line' id='line_1_10' title="bbox 249 966 1581 1047; baseline 0 -29"><span class='ocrx_word' id='word_1_64' title='bbox 249 969 440 1034; x_wconf 77' lang='lat' dir='ltr'>optimi</span> <span class='ocrx_word' id='word_1_65' title='bbox 468 979 733 1047; x_wconf 72' lang='lat' dir='ltr'>poterunt.</span> <span class='ocrx_word' id='word_1_66' title='bbox 814 970 897 1026; x_wconf 79' lang='lat' dir='ltr'>At,</span> <span class='ocrx_word' id='word_1_67' title='bbox 920 970 978 1016; x_wconf 87' lang='lat' dir='ltr'>in</span> <span class='ocrx_word' id='word_1_68' title='bbox 1010 966 1132 1017; x_wconf 81' lang='lat' dir='ltr'>foro</span> <span class='ocrx_word' id='word_1_69' title='bbox 1163 970 1581 1033; x_wconf 86' lang='lat' dir='ltr'>providendum,</span> 
     </span>
     <span class='ocr_line' id='line_1_11' title="bbox 248 1040 1580 1117; baseline -0.002 -23"><span class='ocrx_word' id='word_1_70' title='bbox 248 1063 367 1094; x_wconf 84' lang='lat' dir='ltr'>num</span> <span class='ocrx_word' id='word_1_71' title='bbox 387 1043 525 1096; x_wconf 84' lang='lat' dir='ltr'>forte</span> <span class='ocrx_word' id='word_1_72' title='bbox 533 1041 899 1117; x_wconf 76' lang='lat' dir='ltr'>supervacua,</span> <span class='ocrx_word' id='word_1_73' title='bbox 929 1055 979 1092; x_wconf 86' lang='lat' dir='ltr'>et</span> <span class='ocrx_word' id='word_1_74' title='bbox 999 1043 1122 1094; x_wconf 76' lang='lat' dir='ltr'>nihil</span> <span class='ocrx_word' id='word_1_75' title='bbox 1146 1046 1219 1092; x_wconf 80' lang='lat' dir='ltr'>ad</span> <span class='ocrx_word' id='word_1_76' title='bbox 1236 1040 1443 1115; x_wconf 79' lang='lat' dir='ltr'>causam</span> <span class='ocrx_word' id='word_1_77' title='bbox 1458 1060 1580 1108; x_wconf 78' lang='lat' dir='ltr'>per-</span> 
     </span>
    </p>
   </div>
   <div class='ocr_carea' id='block_1_3' title="bbox 247 1119 1647 1190">
    <p class='ocr_par' dir='ltr' id='par_1_3' title="bbox 247 1119 1647 1190">
     <span class='ocr_line' id='line_1_12' title="bbox 247 1119 1647 1190; baseline -0.002 -20"><span class='ocrx_word' id='word_1_78' title='bbox 247 1124 436 1179; x_wconf 75' lang='lat' dir='ltr'>cinens,</span> <span class='ocrx_word' id='word_1_79' title='bbox 472 1139 541 1170; x_wconf 80' lang='lat' dir='ltr'>an</span> <span class='ocrx_word' id='word_1_80' title='bbox 561 1119 834 1190; x_wconf 77' lang='lat' dir='ltr'>ambigua,</span> <span class='ocrx_word' id='word_1_81' title='bbox 859 1139 927 1168; x_wconf 80' lang='lat' dir='ltr'>an</span> <span class='ocrx_word' id='word_1_82' title='bbox 952 1123 1237 1178; x_wconf 75' lang='lat' dir='ltr'>contraria,</span> <span class='ocrx_word' id='word_1_83' title='bbox 1275 1138 1343 1168; x_wconf 81' lang='lat' dir='ltr'>an</span> <span class='ocrx_word' id='word_1_84' title='bbox 1365 1136 1583 1169; x_wconf 85' lang='lat' dir='ltr'>commu·</span> <span class='ocrx_word' id='word_1_85' title='bbox 1646 1137 1647 1141; x_wconf 50' lang='lat'>¹</span> 
     </span>
    </p>
   </div>
   <div class='ocr_carea' id='block_1_4' title="bbox 181 1191 1584 2261">
    <p class='ocr_par' dir='ltr' id='par_1_4' title="bbox 181 1191 1584 2261">
     <span class='ocr_line' id='line_1_13' title="bbox 248 1191 1582 1268; baseline -0.003 -21"><span class='ocrx_word' id='word_1_86' title='bbox 248 1201 326 1247; x_wconf 85' lang='lat' dir='ltr'>nis</span> <span class='ocrx_word' id='word_1_87' title='bbox 345 1193 425 1268; x_wconf 81' lang='lat' dir='ltr'>fic</span> <span class='ocrx_word' id='word_1_88' title='bbox 452 1195 671 1267; x_wconf 76' lang='lat' dir='ltr'>finitio?</span> <span class='ocrx_word' id='word_1_89' title='bbox 711 1213 946 1263; x_wconf 88' lang='lat' dir='ltr'>quorum</span> <span class='ocrx_word' id='word_1_90' title='bbox 990 1196 1130 1245; x_wconf 84' lang='lat' dir='ltr'>nihil</span> <span class='ocrx_word' id='word_1_91' title='bbox 1173 1195 1432 1254; x_wconf 85' lang='lat' dir='ltr'>accidere,</span> <span class='ocrx_word' id='word_1_92' title='bbox 1482 1191 1582 1244; x_wconf 73' lang='lat' dir='ltr'>nisi</span> 
     </span>
     <span class='ocr_line' id='line_1_14' title="bbox 185 1270 1583 1338; baseline 0 -19"><span class='ocrx_word' id='word_1_93' title='bbox 185 1291 237 1319; x_wconf 81' lang='lat'>21</span> <span class='ocrx_word' id='word_1_94' title='bbox 258 1274 456 1338; x_wconf 85' lang='lat' dir='ltr'>agentis</span> <span class='ocrx_word' id='word_1_95' title='bbox 477 1274 657 1338; x_wconf 84' lang='lat' dir='ltr'>culpa,</span> <span class='ocrx_word' id='word_1_96' title='bbox 694 1271 877 1338; x_wconf 84' lang='lat' dir='ltr'>potest.</span> <span class='ocrx_word' id='word_1_97' title='bbox 956 1275 1028 1322; x_wconf 82' lang='lat' dir='ltr'>Ut</span> <span class='ocrx_word' id='word_1_98' title='bbox 1059 1283 1196 1321; x_wconf 87' lang='lat' dir='ltr'>recte</span> <span class='ocrx_word' id='word_1_99' title='bbox 1228 1282 1403 1321; x_wconf 85' lang='lat' dir='ltr'>autem</span> <span class='ocrx_word' id='word_1_100' title='bbox 1432 1270 1583 1320; x_wconf 87' lang='lat' dir='ltr'>finia-</span> 
     </span>
     <span class='ocr_line' id='line_1_15' title="bbox 249 1347 1583 1415; baseline -0.002 -16"><span class='ocrx_word' id='word_1_101' title='bbox 249 1366 395 1408; x_wconf 85' lang='lat' dir='ltr'>mus,</span> <span class='ocrx_word' id='word_1_102' title='bbox 441 1350 514 1398; x_wconf 85' lang='lat' dir='ltr'>ita</span> <span class='ocrx_word' id='word_1_103' title='bbox 545 1347 662 1407; x_wconf 85' lang='lat' dir='ltr'>fiet,</span> <span class='ocrx_word' id='word_1_104' title='bbox 709 1347 747 1397; x_wconf 86' lang='lat' dir='ltr'>fi</span> <span class='ocrx_word' id='word_1_105' title='bbox 776 1350 925 1415; x_wconf 88' lang='lat' dir='ltr'>prius</span> <span class='ocrx_word' id='word_1_106' title='bbox 958 1349 1018 1398; x_wconf 86' lang='lat' dir='ltr'>in</span> <span class='ocrx_word' id='word_1_107' title='bbox 1045 1350 1229 1403; x_wconf 77' lang='lat' dir='ltr'>animo¹</span> <span class='ocrx_word' id='word_1_108' title='bbox 1253 1347 1583 1398; x_wconf 85' lang='lat' dir='ltr'>constitueri-</span> 
     </span>
     <span class='ocr_line' id='line_1_16' title="bbox 250 1424 1582 1492; baseline -0.001 -17"><span class='ocrx_word' id='word_1_109' title='bbox 250 1443 398 1492; x_wconf 84' lang='lat' dir='ltr'>mus,</span> <span class='ocrx_word' id='word_1_110' title='bbox 423 1424 557 1491; x_wconf 86' lang='lat' dir='ltr'>quid.</span> <span class='ocrx_word' id='word_1_111' title='bbox 574 1426 803 1475; x_wconf 84' lang='lat' dir='ltr'>velimus</span> <span class='ocrx_word' id='word_1_112' title='bbox 825 1425 1037 1475; x_wconf 85' lang='lat' dir='ltr'>efficere.</span> <span class='ocrx_word' id='word_1_113' title='bbox 1099 1427 1181 1475; x_wconf 89' lang='lat' dir='ltr'>Sic</span> <span class='ocrx_word' id='word_1_114' title='bbox 1209 1426 1353 1475; x_wconf 89' lang='lat' dir='ltr'>enim</span> <span class='ocrx_word' id='word_1_115' title='bbox 1379 1441 1582 1475; x_wconf 84' lang='lat' dir='ltr'>accom-</span> 
     </span>
     <span class='ocr_line' id='line_1_17' title="bbox 251 1501 1583 1569; baseline -0.002 -18"><span class='ocrx_word' id='word_1_116' title='bbox 251 1502 459 1552; x_wconf 84' lang='lat' dir='ltr'>modari</span> <span class='ocrx_word' id='word_1_117' title='bbox 487 1501 553 1550; x_wconf 82' lang='lat' dir='ltr'>ad.</span> <span class='ocrx_word' id='word_1_118' title='bbox 588 1502 920 1551; x_wconf 82' lang='lat' dir='ltr'>voluntatem</span> <span class='ocrx_word' id='word_1_119' title='bbox 957 1502 1118 1552; x_wconf 85' lang='lat' dir='ltr'>verba</span> <span class='ocrx_word' id='word_1_120' title='bbox 1146 1512 1411 1568; x_wconf 84' lang='lat' dir='ltr'>poterunt.</span> <span class='ocrx_word' id='word_1_121' title='bbox 1490 1503 1583 1569; x_wconf 58' lang='grc' dir='ltr'>Αἴς-</span> 
     </span>
     <span class='ocr_line' id='line_1_18' title="bbox 181 1577 1584 1645; baseline -0.001 -18"><span class='ocrx_word' id='word_1_122' title='bbox 181 1629 184 1632; x_wconf 20' lang='lat'><strong>⁴</strong></span> <span class='ocrx_word' id='word_1_123' title='bbox 253 1595 358 1644; x_wconf 86' lang='lat' dir='ltr'>que</span> <span class='ocrx_word' id='word_1_124' title='bbox 389 1588 496 1627; x_wconf 84' lang='lat' dir='ltr'>uta</span> <span class='ocrx_word' id='word_1_125' title='bbox 514 1577 773 1628; x_wconf 86' lang='lat' dir='ltr'>notiffimo</span> <span class='ocrx_word' id='word_1_126' title='bbox 797 1580 1066 1645; x_wconf 84' lang='lat' dir='ltr'>exemplo,</span> <span class='ocrx_word' id='word_1_127' title='bbox 1107 1597 1216 1644; x_wconf 90' lang='lat' dir='ltr'>quo</span> <span class='ocrx_word' id='word_1_128' title='bbox 1247 1578 1308 1628; x_wconf 85' lang='lat' dir='ltr'>fit</span> <span class='ocrx_word' id='word_1_129' title='bbox 1341 1595 1424 1627; x_wconf 87' lang='lat' dir='ltr'>res</span> <span class='ocrx_word' id='word_1_130' title='bbox 1449 1577 1584 1627; x_wconf 81' lang='lat' dir='ltr'>luci-</span> 
     </span>
     <span class='ocr_line' id='line_1_19' title="bbox 252 1646 1583 1728; baseline -0.002 -24"><span class='ocrx_word' id='word_1_131' title='bbox 252 1654 400 1713; x_wconf 82' lang='lat' dir='ltr'>dior,</span> <span class='ocrx_word' id='word_1_132' title='bbox 441 1671 553 1704; x_wconf 88' lang='lat' dir='ltr'>non</span> <span class='ocrx_word' id='word_1_133' title='bbox 597 1655 931 1704; x_wconf 83' lang='lat' dir='ltr'>recedamus:</span> <span class='ocrx_word' id='word_1_134' title='bbox 990 1656 1095 1728; x_wconf 66' lang='lat' dir='ltr'>Qui</span> <span class='ocrx_word' id='word_1_135' title='bbox 1131 1646 1398 1720; x_wconf 67' lang='lat' dir='ltr'>privatam</span> <span class='ocrx_word' id='word_1_136' title='bbox 1428 1670 1583 1718; x_wconf 78' lang='lat' dir='ltr'>pecu-</span> 
     </span>
     <span class='ocr_line' id='line_1_20' title="bbox 254 1724 1578 1802; baseline 0 -24"><span class='ocrx_word' id='word_1_137' title='bbox 254 1733 390 1779; x_wconf 85' lang='lat' dir='ltr'><em>niam</em></span> <span class='ocrx_word' id='word_1_138' title='bbox 419 1724 486 1778; x_wconf 53' lang='lat' dir='ltr'>dc?⁴</span> <span class='ocrx_word' id='word_1_139' title='bbox 515 1731 702 1795; x_wconf 77' lang='lat' dir='ltr'>templo</span> <span class='ocrx_word' id='word_1_140' title='bbox 715 1727 1004 1802; x_wconf 79' lang='lat' dir='ltr'><em>surripuit,</em></span> <span class='ocrx_word' id='word_1_141' title='bbox 1030 1726 1308 1802; x_wconf 79' lang='lat' dir='ltr'>sacrilegii</span> <span class='ocrx_word' id='word_1_142' title='bbox 1341 1747 1456 1779; x_wconf 83' lang='lat' dir='ltr'>reus</span> <span class='ocrx_word' id='word_1_143' title='bbox 1488 1725 1578 1797; x_wconf 79' lang='lat' dir='ltr'>est.</span> 
     </span>
     <span class='ocr_line' id='line_1_21' title="bbox 186 1805 1583 1873; baseline -0.001 -20"><span class='ocrx_word' id='word_1_144' title='bbox 186 1825 240 1855; x_wconf 82' lang='lat'>22</span> <span class='ocrx_word' id='word_1_145' title='bbox 256 1808 426 1873; x_wconf 80' lang='lat' dir='ltr'>Culpa</span> <span class='ocrx_word' id='word_1_146' title='bbox 444 1805 725 1855; x_wconf 84' lang='lat' dir='ltr'>manifesta.</span> <span class='ocrx_word' id='word_1_147' title='bbox 758 1806 991 1871; x_wconf 84' lang='lat' dir='ltr'>quaestio</span> <span class='ocrx_word' id='word_1_148' title='bbox 1013 1806 1112 1865; x_wconf 82' lang='lat' dir='ltr'>est,</span> <span class='ocrx_word' id='word_1_149' title='bbox 1134 1824 1200 1855; x_wconf 86' lang='lat' dir='ltr'>an</span> <span class='ocrx_word' id='word_1_150' title='bbox 1220 1807 1349 1857; x_wconf 88' lang='grc'>111110</span> <span class='ocrx_word' id='word_1_151' title='bbox 1371 1805 1583 1854; x_wconf 83' lang='lat' dir='ltr'>crimini</span> 
     </span>
     <span class='ocr_line' id='line_1_22' title="bbox 253 1881 1582 1948; baseline -0.002 -15"><span class='ocrx_word' id='word_1_152' title='bbox 253 1889 476 1942; x_wconf 78' lang='lat' dir='ltr'>nomen,</span> <span class='ocrx_word' id='word_1_153' title='bbox 515 1881 665 1948; x_wconf 86' lang='lat' dir='ltr'>quod</span> <span class='ocrx_word' id='word_1_154' title='bbox 695 1881 767 1930; x_wconf 84' lang='lat' dir='ltr'>est</span> <span class='ocrx_word' id='word_1_155' title='bbox 797 1884 856 1931; x_wconf 86' lang='lat' dir='ltr'>in</span> <span class='ocrx_word' id='word_1_156' title='bbox 893 1883 1033 1948; x_wconf 83' lang='lat' dir='ltr'>lege,</span> <span class='ocrx_word' id='word_1_157' title='bbox 1059 1883 1365 1932; x_wconf 84' lang='lat' dir='ltr'>conveniat.</span> <span class='ocrx_word' id='word_1_158' title='bbox 1441 1884 1582 1946; x_wconf 88' lang='lat' dir='ltr'>Ergo</span> 
     </span>
     <span class='ocr_line' id='line_1_23' title="bbox 255 1955 1584 2031; baseline -0.003 -23"><span class='ocrx_word' id='word_1_159' title='bbox 255 1960 564 2024; x_wconf 84' lang='lat' dir='ltr'>ambigitur,</span> <span class='ocrx_word' id='word_1_160' title='bbox 611 1959 705 2009; x_wconf 82' lang='lat' dir='ltr'>An</span> <span class='ocrx_word' id='word_1_161' title='bbox 734 1958 827 2011; x_wconf 78' lang='lat' dir='ltr'>hoc</span> <span class='ocrx_word' id='word_1_162' title='bbox 844 1955 1316 2031; x_wconf 75' lang='lat' dir='ltr'>sacrilegiunzstc?</span> <span class='ocrx_word' id='word_1_163' title='bbox 1365 1956 1584 2008; x_wconf 80' lang='lat' dir='ltr'>Accusa-</span> 
     </span>
     <span class='ocr_line' id='line_1_24' title="bbox 254 2031 1584 2107; baseline -0.002 -23"><span class='ocrx_word' id='word_1_164' title='bbox 254 2045 366 2094; x_wconf 85' lang='lat' dir='ltr'>tor,</span> <span class='ocrx_word' id='word_1_165' title='bbox 402 2038 526 2100; x_wconf 81' lang='lat' dir='ltr'><strong><em>quz&#39;a</em></strong></span> <span class='ocrx_word' id='word_1_166' title='bbox 547 2036 611 2083; x_wconf 81' lang='lat' dir='ltr'>de</span> <span class='ocrx_word' id='word_1_167' title='bbox 633 2034 820 2100; x_wconf 76' lang='lat' dir='ltr'>templo</span> <span class='ocrx_word' id='word_1_168' title='bbox 826 2031 1081 2107; x_wconf 58' lang='lat' dir='ltr'>surrepta</span> <span class='ocrx_word' id='word_1_169' title='bbox 1096 2032 1176 2107; x_wconf 81' lang='lat' dir='ltr'>fic</span> <span class='ocrx_word' id='word_1_170' title='bbox 1196 2036 1445 2101; x_wconf 85' lang='lat' dir='ltr'>pecunia,</span> <span class='ocrx_word' id='word_1_171' title='bbox 1476 2033 1584 2082; x_wconf 87' lang='lat' dir='ltr'>uti-</span> 
     </span>
     <span class='ocr_line' id='line_1_25' title="bbox 255 2105 1583 2181; baseline -0.003 -21"><span class='ocrx_word' id='word_1_172' title='bbox 255 2121 346 2160; x_wconf 87' lang='lat' dir='ltr'>tur</span> <span class='ocrx_word' id='word_1_173' title='bbox 378 2111 482 2161; x_wconf 88' lang='lat' dir='ltr'>hoc</span> <span class='ocrx_word' id='word_1_174' title='bbox 502 2112 734 2170; x_wconf 83' lang='lat' dir='ltr'>nomine.</span> <span class='ocrx_word' id='word_1_175' title='bbox 813 2115 987 2170; x_wconf 79' lang='lat' dir='ltr'>Reus,</span> <span class='ocrx_word' id='word_1_176' title='bbox 1024 2115 1147 2178; x_wconf 77' lang='lat' dir='ltr'>quia</span> <span class='ocrx_word' id='word_1_177' title='bbox 1165 2114 1436 2177; x_wconf 75' lang='lat' dir='ltr'>privatam</span> <span class='ocrx_word' id='word_1_178' title='bbox 1454 2105 1583 2181; x_wconf 83' lang='lat' dir='ltr'>sur-</span> 
     </span>
     <span class='ocr_line' id='line_1_26' title="bbox 256 2183 1582 2261; baseline -0.002 -25"><span class='ocrx_word' id='word_1_179' title='bbox 256 2190 496 2252; x_wconf 74' lang='lat' dir='ltr'>ripuerit,</span> <span class='ocrx_word' id='word_1_180' title='bbox 534 2198 688 2253; x_wconf 85' lang='lat' dir='ltr'>negat</span> <span class='ocrx_word' id='word_1_181' title='bbox 719 2186 816 2237; x_wconf 83' lang='lat' dir='ltr'>effe</span> <span class='ocrx_word' id='word_1_182' title='bbox 841 2184 1206 2261; x_wconf 78' lang='lat' dir='ltr'>sacrilegium,</span> <span class='ocrx_word' id='word_1_183' title='bbox 1255 2186 1343 2235; x_wconf 83' lang='lat' dir='ltr'>sed</span> <span class='ocrx_word' id='word_1_184' title='bbox 1364 2183 1582 2258; x_wconf 71' lang='lat' dir='ltr'>sartum</span> 
     </span>
    </p>
   </div>
   <div class='ocr_carea' id='block_1_5' title="bbox 254 2261 1671 2334">
    <p class='ocr_par' dir='ltr' id='par_1_5' title="bbox 254 2261 1671 2334">
     <span class='ocr_line' id='line_1_27' title="bbox 254 2261 1671 2334; baseline -0.001 -21"><span class='ocrx_word' id='word_1_185' title='bbox 254 2261 460 2314; x_wconf 84' lang='lat' dir='ltr'>fatetur.</span> <span class='ocrx_word' id='word_1_186' title='bbox 537 2266 697 2313; x_wconf 86' lang='lat' dir='ltr'>Actor</span> <span class='ocrx_word' id='word_1_187' title='bbox 736 2281 860 2330; x_wconf 85' lang='lat' dir='ltr'>ergo</span> <span class='ocrx_word' id='word_1_188' title='bbox 899 2265 970 2313; x_wconf 82' lang='lat' dir='ltr'>ita</span> <span class='ocrx_word' id='word_1_189' title='bbox 1010 2262 1185 2323; x_wconf 85' lang='lat' dir='ltr'>finiet,</span> <span class='ocrx_word' id='word_1_190' title='bbox 1239 2262 1578 2334; x_wconf 73' lang='lat' dir='ltr'>Sacrilegium</span> <span class='ocrx_word' id='word_1_191' title='bbox 1592 2275 1671 2311; x_wconf 82' lang='lat'>620</span> 
     </span>
    </p>
   </div>
   <div class='ocr_carea' id='block_1_6' title="bbox 336 2423 1507 2480">
    <p class='ocr_par' dir='ltr' id='par_1_6' title="bbox 336 2423 1507 2480">
     <span class='ocr_line' id='line_1_28' title="bbox 336 2423 1507 2480; baseline 0 -15"><span class='ocrx_word' id='word_1_192' title='bbox 336 2437 403 2466; x_wconf 81' lang='lat'>20.</span> <span class='ocrx_word' id='word_1_193' title='bbox 443 2423 528 2466; x_wconf 69' lang='grc' dir='ltr'><em>ἢοΖ).</em></span> <span class='ocrx_word' id='word_1_194' title='bbox 552 2428 632 2480; x_wconf 80' lang='lat' dir='ltr'>ipsi.</span> <span class='ocrx_word' id='word_1_195' title='bbox 689 2431 752 2466; x_wconf 86' lang='lat' dir='ltr'>Sic</span> <span class='ocrx_word' id='word_1_196' title='bbox 775 2431 906 2467; x_wconf 76' lang='lat' dir='ltr'>Turic.</span> <span class='ocrx_word' id='word_1_197' title='bbox 929 2443 1017 2467; x_wconf 90' lang='lat' dir='ltr'>cum</span> <span class='ocrx_word' id='word_1_198' title='bbox 1038 2430 1140 2468; x_wconf 85' lang='lat' dir='ltr'>Alm.</span> <span class='ocrx_word' id='word_1_199' title='bbox 1169 2429 1331 2480; x_wconf 84' lang='lat' dir='ltr'>Reliqui</span> <span class='ocrx_word' id='word_1_200' title='bbox 1353 2444 1388 2466; x_wconf 81' lang='lat' dir='ltr'>n.</span> <span class='ocrx_word' id='word_1_201' title='bbox 1412 2427 1507 2479; x_wconf 80' lang='lat' dir='ltr'>ipfis.</span> 
     </span>
    </p>
   </div>
   <div class='ocr_carea' id='block_1_7' title="bbox 251 2517 1579 2682">
    <p class='ocr_par' dir='ltr' id='par_1_7' title="bbox 251 2517 1579 2682">
     <span class='ocr_line' id='line_1_29' title="bbox 337 2517 1579 2570; baseline 0.001 -16"><span class='ocrx_word' id='word_1_202' title='bbox 337 2527 404 2554; x_wconf 80' lang='lat'>22.</span> <span class='ocrx_word' id='word_1_203' title='bbox 438 2517 535 2567; x_wconf 77' lang='lat' dir='ltr'>surr.</span> <span class='ocrx_word' id='word_1_204' title='bbox 556 2517 621 2570; x_wconf 77' lang='lat' dir='ltr'>fit.</span> <span class='ocrx_word' id='word_1_205' title='bbox 681 2521 744 2556; x_wconf 88' lang='lat' dir='ltr'>Sic</span> <span class='ocrx_word' id='word_1_206' title='bbox 773 2521 903 2557; x_wconf 80' lang='lat' dir='ltr'>Turio.</span> <span class='ocrx_word' id='word_1_207' title='bbox 933 2519 1058 2556; x_wconf 80' lang='lat' dir='ltr'><strong>Guelf.</strong></span> <span class='ocrx_word' id='word_1_208' title='bbox 1095 2520 1255 2568; x_wconf 83' lang='lat' dir='ltr'>Reliqui</span> <span class='ocrx_word' id='word_1_209' title='bbox 1274 2518 1328 2570; x_wconf 81' lang='lat' dir='ltr'>fit</span> <span class='ocrx_word' id='word_1_210' title='bbox 1351 2519 1446 2569; x_wconf 85' lang='lat' dir='ltr'>surr.</span> <span class='ocrx_word' id='word_1_211' title='bbox 1504 2519 1579 2565; x_wconf 76' lang='lat' dir='ltr'>(cf.</span> 
     </span>
     <span class='ocr_line' id='line_1_30' title="bbox 251 2573 1579 2626; baseline 0.003 -17"><span class='ocrx_word' id='word_1_212' title='bbox 251 2576 288 2621; x_wconf 76' lang='lat'>§,</span> <span class='ocrx_word' id='word_1_213' title='bbox 321 2582 381 2618; x_wconf 89' lang='lat'>15.</span> <span class='ocrx_word' id='word_1_214' title='bbox 411 2585 449 2610; x_wconf 86' lang='lat' dir='ltr'>et</span> <span class='ocrx_word' id='word_1_215' title='bbox 468 2587 562 2610; x_wconf 84' lang='lat' dir='ltr'>mox</span> <span class='ocrx_word' id='word_1_216' title='bbox 585 2575 682 2621; x_wconf 82' lang='lat'><strong>25.)</strong></span> <span class='ocrx_word' id='word_1_217' title='bbox 894 2575 1122 2626; x_wconf 76' lang='lat' dir='ltr'>surripuerit.</span> <span class='ocrx_word' id='word_1_218' title='bbox 1181 2577 1243 2611; x_wconf 82' lang='lat' dir='ltr'>Sic</span> <span class='ocrx_word' id='word_1_219' title='bbox 1276 2576 1407 2612; x_wconf 79' lang='lat' dir='ltr'>Turic.</span> <span class='ocrx_word' id='word_1_220' title='bbox 1438 2573 1489 2623; x_wconf 85' lang='lat' dir='ltr'>(a</span> <span class='ocrx_word' id='word_1_221' title='bbox 1519 2588 1579 2624; x_wconf 75' lang='lat' dir='ltr'>pr.</span> 
     </span>
     <span class='ocr_line' id='line_1_31' title="bbox 252 2629 1415 2682; baseline 0.004 -17"><span class='ocrx_word' id='word_1_222' title='bbox 252 2631 411 2677; x_wconf 82' lang='lat' dir='ltr'>manu).</span> <span class='ocrx_word' id='word_1_223' title='bbox 442 2629 568 2667; x_wconf 86' lang='lat' dir='ltr'>Guelf.</span> <span class='ocrx_word' id='word_1_224' title='bbox 601 2632 732 2680; x_wconf 84' lang='lat' dir='ltr'>Camp.</span> <span class='ocrx_word' id='word_1_225' title='bbox 755 2631 986 2682; x_wconf 74' lang='lat' dir='ltr'>surripuerat</span> <span class='ocrx_word' id='word_1_226' title='bbox 1004 2645 1092 2668; x_wconf 88' lang='lat' dir='ltr'>cum</span> <span class='ocrx_word' id='word_1_227' title='bbox 1112 2632 1222 2669; x_wconf 80' lang='lat' dir='ltr'>illius</span> <span class='ocrx_word' id='word_1_228' title='bbox 1242 2632 1415 2670; x_wconf 78' lang='lat' dir='ltr'>secunda.</span> 
     </span>
    </p>
   </div>
   <div class='ocr_carea' id='block_1_8' title="bbox 307 2752 1423 2802">
    <p class='ocr_par' dir='ltr' id='par_1_8' title="bbox 307 2752 1423 2802">
     <span class='ocr_line' id='line_1_32' title="bbox 307 2752 1423 2802; baseline 0.01 -12"><span class='ocrx_word' id='word_1_229' title='bbox 307 2762 372 2790; x_wconf 78' lang='lat'>20.</span> <span class='ocrx_word' id='word_1_230' title='bbox 410 2752 598 2802; x_wconf 78' lang='lat' dir='ltr'>fingimus</span> <span class='ocrx_word' id='word_1_231' title='bbox 638 2756 894 2793; x_wconf 72' lang='lat' dir='ltr'>contradictio·</span> <span class='ocrx_word' id='word_1_232' title='bbox 948 2771 1042 2794; x_wconf 74' lang='lat' dir='ltr'>nem.</span> <span class='ocrx_word' id='word_1_233' title='bbox 1101 2757 1147 2794; x_wconf 83' lang='lat' dir='ltr'>cf.</span> <span class='ocrx_word' id='word_1_234' title='bbox 1172 2763 1217 2802; x_wconf 76' lang='lat'>5,</span> <span class='ocrx_word' id='word_1_235' title='bbox 1251 2766 1325 2802; x_wconf 70' lang='lat'>²52</span> <span class='ocrx_word' id='word_1_236' title='bbox 1360 2761 1423 2800; x_wconf 76' lang='grc'>45·</span> 
     </span>
    </p>
   </div>
   <div class='ocr_carea' id='block_1_9' title="bbox 1664 519 1702 530">
    <p class='ocr_par' dir='ltr' id='par_1_9' title="bbox 1664 519 1702 530">
     <span class='ocr_line' id='line_1_33' title="bbox 1664 519 1702 530; baseline 0 -2"><span class='ocrx_word' id='word_1_237' title='bbox 1664 519 1702 530; x_wconf 39' lang='grc' dir='ltr'>ἣ</span> 
     </span>
    </p>
   </div>
  </div>
 </body>
</html>
