1702 3022
379 170 540 216 INST.
588 169 865 244 ORATOR.
908 168 1031 213 Lm.
1068 167 1155 225 DC,
1191 180 1239 214 Ω.
1385 175 1484 227 425

157 300 293 363 quae
320 298 464 361 patri
484 292 705 361 placuit.-
743 292 1032 359 autsquod
1061 291 1135 341 est
1163 289 1338 344 multo
1370 293 1548 348 ine-70

157 375 302 441 ptius
317 411 331 432 ,
365 371 836 440 compositionibus
875 370 1161 436 ambiguis3
1200 381 1262 420 ut
1299 371 1362 419 in
1392 370 1485 419 illa

158 448 536 506 controversia,
568 449 626 497 in
650 466 755 514 qua
773 445 986 496 infamis
1008 463 1188 496 amore
1215 445 1355 496 filiae
1373 447 1485 496 vir-

159 528 300 592 ginis
328 537 475 591 pater
501 535 699 590 raptam
723 541 837 573 eam
858 523 1171 589 interrogat,
1211 540 1240 571 a
1261 538 1371 589 quo
1401 524 1485 573 vi-

158 605 284 650 tiata
308 601 391 660 fit,
434 602 563 674 Quis
582 612 658 659 ce,
697 602 903 667 inquit,
946 601 1160 665 rapuit?
1195 610 1279 658 tu,
1310 609 1482 663 pater,

156 674 316 749 nescis
329 680 354 726 ,9
386 680 491 727 Res
509 676 649 743 ipsae
670 678 960 743 perducant
980 675 1210 739 judicem
1232 675 1298 724 ad
1319 674 1544 742 [aspi-72

158 755 413 813 cionem.
437 764 488 803 et
508 755 823 804 amoliamur
842 764 1061 812 caetera,
1097 763 1160 803 ut
1183 753 1287 808 hoc
1308 750 1484 803 solum

155 829 398 898 superfit3
448 831 509 879 in
544 848 654 896 quo
682 832 918 880 multum
953 831 1109 879 etiam
1146 825 1361 879 affectus
1401 832 1484 891 ju-

156 917 309 965 vant,
346 917 397 955 et
420 907 714 974 interrupta
739 906 945 956 silentio
969 906 1157 964 dictio,
1196 915 1248 955 et
1274 915 1485 957 cuncta-

157 984 343 1033 tiones.
422 984 505 1032 Sic
534 985 679 1035 enim
706 981 817 1042 fiet,
848 993 911 1033 ut
928 982 1090 1046 judex
1108 993 1329 1048 quaerat
1345 980 1489 1032 illud

148 1058 333 1108 'nescio
358 1058 493 1122 quid
513 1058 647 1125 ipse,
682 1059 832 1124 quod
859 1057 1068 1109 fortasse
1094 1075 1205 1108 non
1236 1058 1486 1117 crederet,

159 1134 199 1183 fi
225 1134 459 1185 audiret:
508 1145 561 1184 et
589 1137 664 1194 ei,
705 1135 850 1200 quod
881 1144 917 1183 εί
930 1134 981 1183 fe
1004 1137 1287 1187 inventum
1314 1133 1486 1186 existi-

158 1221 290 1269 mat,
329 1210 517 1273 credat.
594 1211 696 1260 Sed
716 1228 785 1262 ne
814 1210 854 1261 fi
878 1212 1109 1278 optimae
1134 1211 1353 1276 quidem
1376 1209 1487 1269 sint,
1502 1231 1552 1267 72.

159 1284 258 1334 effe
295 1285 490 1335 debent
518 1285 841 1351 frequentes.
917 1286 1063 1336 Nam'
1092 1285 1345 1335 densitate
1376 1285 1488 1353 ipsa

159 1360 360 1428 figurae
399 1363 741 1428 aperiuntur,
789 1378 887 1411 nec
921 1356 1148 1412 offensae
1182 1363 1362 1414 minus
1395 1362 1488 1412 ha-

157 1438 315 1496 bent,
358 1437 448 1487 sed.
483 1439 821 1489 auctoritatis.
896 1438 1015 1488 Nec
1050 1437 1230 1504 pudor
1256 1438 1487 1499 videtur,

161 1515 312 1578 quod
334 1531 447 1563 non
476 1517 647 1580 palam
671 1515 910 1575 objicias,
946 1513 1037 1564 sed
1056 1513 1358 1578 diffidentia.
1424 1518 1488 1565 In

161 1588 396 1647 lumma,
442 1587 507 1638 fic
538 1591 761 1640 maxime
795 1590 956 1652 judex
998 1590 1164 1640 credit
1198 1590 1423 1659 figuris,
1448 1590 1488 1641 fi

161 1683 260 1716 nos
287 1675 440 1733 putat
461 1664 606 1717 nolle
629 1665 816 1716 dicere.
873 1667 1138 1732 Equidem
1158 1677 1211 1736 et
1232 1670 1292 1719 in
1310 1666 1488 1736 perso·
1502 1691 1552 1727 75

248 1797 314 1831 70.
343 1795 383 1832 ug
407 1789 444 1823 in
469 1788 546 1825 illa.
593 1788 655 1824 Sic
676 1786 803 1823 Guelf.
826 1787 960 1837 Camp.
993 1786 1155 1836 Reliqui
1171 1789 1360 1826 omittunt
1381 1792 1431 1826 ιή.

242 1843 357 1891 filiae
382 1846 476 1892 virg.
527 1844 589 1880 Sic
618 1844 751 1879 Tui-ic.
778 1843 882 1883 flor,
913 1845 1045 1893 Camp.
1102 1843 1261 1894 Reliqui
1290 1859 1325 1882 v.
1348 1845 1386 1894 f.

248 1908 366 1947 pater.
418 1901 550 1935 Turio.
579 1898 682 1934 Flor.
706 1908 833 1935 mater.
863 1902 898 1947 §.
919 1899 984 1944 64.
1154 1908 1204 1941 tu,
1231 1909 1351 1950 pater.
1382 1900 1487 1938 Flor-

167 1955 316 1992 omittit
338 1963 377 1990 tu
396 1968 485 1991 cum
501 1955 604 1993 Alm.
656 1955 789 1991 Tui-ic.
812 1969 832 1989 a
861 1955 929 1992 sec.
949 1969 1068 1992 manu
1098 1970 1142 1992 ιιι·
1166 1966 1293 2006 pater,
1323 1970 1344 1993 a
1364 1970 1424 2008 pr.
1445 1969 1490 1994 ut

163 2011 286 2048 modo
310 2011 437 2060 positi.

251 2077 315 2110 71.
349 2065 445 2115 ipse,
477 2067 588 2117 quod,
634 2067 696 2102 Sic
719 2067 853 2102 Turic-
875 2065 978 2103 Flor.
998 2068 1130 2117 Camp.
1168 2067 1328 2118 Reliqui
1348 2083 1385 2119 q.
1408 2070 1432 2106 ι’.

248 2132 312 2167 72.
355 2125 512 2158 maxime
534 2122 658 2167 judex.
717 2123 849 2158 Turic.
880 2125 1114 2160 maximetate
1141 2125 1174 2170 1‘.
1221 2138 1240 2159 a
1272 2125 1341 2162 sec.
1372 2138 1489 2161 manu

166 2180 395 2215 maximitate
422 2180 448 2223 ἰ.
508 2178 611 2226 Quid
635 2179 721 2214 infit
748 2191 827 2214 non
850 2180 1132 2217 comminiscor.

253 2243 317 2279 73·
346 2234 542 2283 Equidem.
594 2234 725 2270 Tun-ic.
752 2233 855 2272 Flcr.
885 2236 1077 2272 Ambr.1.
1108 2238 1240 2286 Camp.
1275 2245 1311 2272 et
1341 2237 1488 2287 quidem

168 2304 257 2328 cnm
279 2290 381 2327 Alm.
420 2291 502 2328 vid.
527 2290 666 2326 dehac
696 2291 917 2328 confatione
947 2291 1243 2334 Drakenbochh
1266 2293 1310 2328 ad
1340 2292 1429 2332 Liv-
1454 2299 1490 2337 5,

171 2354 236 2405 54,
256 2355 292 2392 3.
333 2346 377 2383 it.
397 2346 511 2383 nostr.
537 2347 574 2388 6,
600 2361 633 2387 ι,
657 2353 723 2391 38
758 2357 793 2390 7,
820 2358 856 2393 2,
878 2354 943 2392 24.
977 2359 1013 2397 9,
1033 2358 1071 2393 5,
1092 2350 1156 2397 69.
1180 2349 1314 2390 Turio
1334 2347 1481 2388 Alm..

252 2412 289 2438 et
318 2405 368 2441 in.
427 2402 490 2439 Sic
510 2403 643 2441 Tunic.
673 2401 776 2440 Flor.
803 2404 938 2441 Ambr-
964 2418 998 2440 ι.
1022 2416 1059 2445 2.
1089 2404 1216 2445 Guelf.
1244 2405 1378 2458 Camp
1401 2417 1487 2440 cum

228 2502 292 2535 70.
325 2501 376 2532 tu,
401 2502 520 2541 pater,
555 2490 679 2542 nescis.
739 2494 801 2528 In·
859 2491 944 2530 fieri
960 2493 1052 2543 pon*
1057 2504 1083 2536 t
1104 2493 1355 2542 fignificatur.
1386 2494 1488 2535 ,,,Τιι

173 2548 297 2596 cptiae
334 2547 399 2582 hic
438 2549 632 2584 versantur
664 2549 705 2584 in
745 2562 803 2590 eo,
859 2560 1004 2599 „paten
1031 2549 1237 2586 Nereis⁹“
1299 2551 1491 2586 Memora-

173 2603 280 2652 quod
327 2615 474 2651 praeter
528 2606 647 2645 hanc,
708 2618 804 2654 quae
859 2606 949 2643 bile
961 2618 1088 2642 tamen
1115 2607 1182 2648 est,
1214 2605 1492 2657 compositiones

173 2660 394 2707 usurpatur,
424 2661 636 2696 verborum
664 2661 807 2697 direm·
860 2663 927 2699 hic
943 2663 1026 2698 <hei
1046 2664 1120 2703 line
1140 2662 1224 2720 ullo
1240 2674 1492 2709 numerotum

173 2716 343 2756 tionem,
399 2716 512 2751 etiam
549 2717 660 2759 elia,
711 2731 806 2766 quae
854 2719 1046 2768 ‘respectm
