1702 3022
224 203 332 259 ‘532
532 200 625 256 M.‘
652 202 786 248 FAB.
833 201 1263 264 QUINTILIANL
1281 200 1298 249 ,⁸

162 342 215 386 ‘41
231 330 425 377 centias.
494 328 654 401 *Quas
678 345 788 376 cum
814 338 870 375 tu
889 330 1102 391 optime,
1138 330 1323 386 Brute,
1362 340 1549 389 teneas,

229 406 357 471 quid
371 406 551 452 attinet
568 402 844 453 nominibus
866 407 964 463 uti,
1009 415 1102 454 aut
1122 404 1398 470 exemplis?
1423 417 1550 457 ⁷tam-

229 482 483 554 tummodo
520 491 722 529 notetur
758 481 907 529 locus.
990 483 1073 530 Sic
1101 484 1264 550 igitur
1286 468 1561 547 *diceczz‘lleg

229 575 377 630 quem
397 559 703 621 expetimus,
743 567 799 604 ut
825 552 1000 629 «verset
1012 554 1183 629 saepe
1202 548 1372 607 mult-is
1391 558 1551 608 modist

227 635 439 683 eandem
476 643 527 680 et
568 649 720 681 unam
758 650 863 681 rem
878 671 892 691 ‚
949 645 999 683 et
1030 633 1249 703 Jzaereat
1290 637 1342 682 in
1372 635 1551 683 eadem
1578 639 1583 653 ⁸

163 735 213 776 42
226 705 936 781 commoreturquesententia.
1020 713 1187 774 Saepe
1211 714 1364 759 etiam
1384 720 1440 758 ut
1460 723 1552 759 eoo·-

224 797 395 835 tenuet
430 786 653 850 aliquid.-
687 781 857 858 saepe
895 797 954 834 'ut
979 789 1221 836 irrideat:
1255 798 1312 835 ut
1337 785 1549 834 declinet

140 923 145 929 .
223 882 257 913 a
286 859 576 934 proposito,
615 861 952 930 deflectatque
972 859 1310 934 sententiam:
1348 873 1405 911 ut
1423 851 1563 928 pro?

219 950 406 1005 ponat,
447 940 574 1004 quid
602 940 827 988 dicturus
840 936 945 1011 sit.-
971 951 1064 1008 ut,
1097 957 1209 990 cum
1233 939 1548 1007 transegerit

213 1015 328 1081 jam
364 1016 588 1080 aliquid,
639 1014 879 1086 definiat:
919 1027 975 1065 ut
980 1012 1050 1088 ſse
1079 1012 1189 1087 ipse
1206 1025 1453 1066 revocett.
1475 1022 1549 1072 ut,

171 1104 174 1116 '
222 1092 364 1158 quod
405 1094 560 1151 dixit,
629 1094 802 1140 iteret.-
864 1103 921 1141 ut
959 1103 1320 1162 argumentum
1346 1092 1548 1140 'ratione

224 1169 489 1218 concludat
498 1187 523 1234 .·v
554 1178 610 1217 ut
637 1170 1004 1238 interrogando
1027 1179 1248 1237 urgeat:
1288 1178 1346 1216 ut
1368 1161 1548 1237 rursus.

223 1242 372 1317 quasi
405 1246 479 1294 ad
506 1248 831 1314 interrogata
846 1242 955 1315 fibi
981 1241 1090 1316 ipse
1120 1240 1461 1316 respondeat-r
1490 1250 1548 1291 ut.

158 1337 208 1376 45
223 1332 399 1373 contra
432 1339 493 1369 ac
526 1322 687 1377 dicat,
725 1323 888 1384 accipi
913 1331 964 1369 et
976 1317 1167 1390 sentiri
1185 1320 1340 1368 velit.-
1376 1328 1434 1366 ut
1452 1317 1545 1364 ad-

185 1446 189 1449 ,
221 1388 439 1455 dubitet,
480 1397 607 1462 quid
628 1399 828 1459 potius,
868 1406 960 1444 aut
994 1413 1094 1460 quo
1116 1395 1262 1446 modo
1284 1395 1447 1444 dicat:
1485 1402 1544 1442 ut

221 1465 423 1523 dividat
462 1476 512 1520 in
546 1482 751 1537 partes:
814 1482 871 1519 ut
909 1470 1109 1536 aliquid
1145 1471 1427 1536 relinquat,
1482 1486 1543 1516 ac
1606 1510 1608 1513 ,

219 1550 489 1619 negligat.-
527 1558 584 1595 ut
617 1558 735 1595 ante
761 1550 1114 1611 praemuniat.-
1154 1553 1211 1595 ut
1242 1550 1292 1594 in
1325 1549 1384 1594 eo
1416 1540 1545 1615 ipsc,

222 1630 274 1676 in
319 1643 419 1691 quo
462 1622 892 1688 reprehendatur,
952 1622 1155 1686 culpam
1200 1625 1269 1700 in·
1292 1617 1545 1692 adversa-
1635 1670 1638 1674 .

222 1706 353 1753 rium
377 1697 644 1771 conferat.-
683 1710 739 1747 ut
746 1695 917 1770 saepe
942 1717 1052 1748 cum
1069 1702 1162 1756 iis,
1198 1701 1289 1763 qui
1313 1698 1543 1753 audiunt,

220 1794 576 1843 nonnunquam
615 1778 766 1823 etiam
803 1793 916 1823 cum
949 1771 1253 1845 adversario
1285 1769 1433 1844 quast
1454 1773 1551 1835 dee

156 1872 207 1912 44
222 1854 425 1905 liberet:
477 1863 532 1902 ut
575 1851 827 1926 hominum
872 1868 1035 1900 mores
1052 1847 1419 1922 sermonesque
1455 1847 1543 1896 cle-.-

204 1929 437 2005 scribat:
475 1939 532 1978 ut
568 1938 710 1976 muta
743 1929 997 1993 quaedam
1030 1928 1290 1992 loquentia,
1310 1926 1547 1974 inducate.

217 2020 276 2057 ut
294 2006 368 2056 >ab
399 2025 483 2065 eo,
527 2005 666 2070 quod
695 2007 903 2072 agitur,
964 2014 1174 2054 avertat
1207 2005 1430 2051 animos:
1460 2008 1542 2053 ,ut

201 2081 373 2157 saepe
415 2086 466 2131 in
513 2081 823 2130 hilaritatem
869 2075 1094 2151 risumve
1128 2088 1425 2129 convertat:
1480 2084 1538 2122 ut

214 2171 334 2213 ante
370 2169 603 2220 occupet,
635 2156 781 2222 'quod
801 2157 980 2206 videat
999 2159 1216 2220 opponi:
1255 2166 1312 2203 ut
1332 2161 1628 2216 compa-763

216 2248 295 2287 ret
306 2233 689 2308 fimilitudines:
722 2243 786 2281 ¹ut
805 2243 982 2281 utatur
1003 2232 1276 2297 exemplis.-
1314 2239 1371 2278 ut
1394 2226 1540 2276 aliud

214 2314 306 2377 alii
361 2309 583 2360 tribuens
629 2301 925 2374 dispertiat:
998 2319 1056 2375 ut
1106 2297 1541 2371 interpellatorem

214 2393 469 2440 coerceat:
518 2398 575 2434 ut
607 2387 807 2451 aliquid
839 2389 1047 2434 reticere
1076 2380 1137 2455 se
1169 2385 1330 2430 dicat:
1367 2392 1424 2429 ut
1447 2381 1536 2428 cbe-

212 2469 437 2522 nunciet‚
475 2464 600 2529 quid
619 2473 831 2511 caveat.-
875 2473 932 2510 ut
949 2459 1151 2509 liberius
1174 2459 1300 2524 quid
1315 2459 1533 2506 audeat:

215 2554 272 2600 ut
301 2537 555 2612 irascatur
576 2542 728 2586 etiam
743 2557 759 2586 .·
801 2549 857 2587 ut
875 2535 1114 2606 objurget
1133 2534 1436 2599 aliquando:
1475 2542 1546 2593 ut*-

212 2621 538 2683 deprecetur:
588 2626 643 2663 ut
662 2611 957 2685 supplicet.-
997 2624 1054 2661 ut
1085 2614 1374 2660 medeatur:
1411 2620 1467 2658 ut
1494 2625 1537 2657 a

205 2691 470 2765 proposttO
490 2747 492 2750 y
510 2691 721 2748 declinet
751 2689 1164 2758 aliquantulum:
1190 2699 1245 2737 ut
1270 2697 1437 2752 optet:
1473 2694 1531 2733 ut

206 2763 509 2822 execretur}
543 2778 599 2816 ut
606 2765 718 2838 fiat
741 2769 825 2824 iis,
857 2767 1004 2831 apud
1027 2783 1154 2830 quos
1178 2766 1330 2822 dicet,
1358 2759 1531 2832 fami-
