1702 3022
375 214 539 262 INST.
575 211 855 261 ORATOR.
898 210 1022 256 Lm.
1057 210 1155 268 ng
1192 212 1266 257 1.'
1370 221 1467 269 381
1505 223 1508 225 ’

142 346 498 407 iteranturque
533 337 741 399 verba3·
781 347 874 388 aut
893 354 895 356 ·
912 335 1143 386 breviter
1162 327 1472 386 commutata

138 429 427 486 ponuntur.-
467 429 563 468 aut
584 415 650 467 ab
673 416 846 467 eodem
867 411 1027 465 verbo
1045 415 1248 462 ducitur
1252 409 1472 485 saepius

143 499 357 554 oratio‚*
378 494 480 545 aut'
506 497 557 544 in
582 484 714 543 illem
735 492 1021 558 conjicitur,
1062 501 1155 540 aut
1173 500 1498 554 utrumque}

141 584 237 623 aut
257 571 566 642 adjungitur
583 572 716 620 idem
735 573 989 628 iteratum,
1023 578 1117 617 aut
1137 567 1268 616 idem
1290 567 1364 615 ad
1382 584 1474 616 ex-

143 660 360 699 tremum
395 645 631 718 refertur
644 666 660 696 .-
712 658 806 697 aut
838 649 1143 697 continenter
1173 661 1327 693 unum
1349 660 1474 693 ver-

143 723 261 775 bum
296 743 395 774 non
424 728 475 774 in
504 727 682 774 eadem
707 720 960 796 sententia
977 726 1215 788 ponitur.-
1245 730 1339 769 aut
1360 737 1474 768 cum

128 799 374 875 similiter
399 802 490 852 vel
518 803 709 851 cadunt
735 798 927 858 verba,
966 795 1341 871 vel'dessnunt:
1381 807 1474 846 aut
1486 809 1539 849 59

143 879 317 928 multis
359 880 521 928 modis
562 881 831 928 contrariis
861 877 1029 926 relata
1059 877 1343 925 contraria:
1381 885 1476 923 aut

144 969 256 1003 cum
305 955 575 1024 gradatim
615 950 834 1028 sursum
876 949 1061 1025 versus
1103 943 1324 1001 reditur:
1383 962 1477 1002 aut

143 1047 257 1081 cum
288 1033 469 1081 demtis
501 1028 926 1097 conjunctionibus
950 1025 1189 1104 diffolute
1213 1027 1374 1094 plura
1398 1028 1479 1076 di-

145 1118 357 1157 cuntur.-
403 1118 496 1157 aut
539 1125 652 1157 cum
682 1109 884 1173 aliquid
899 1116 1321 1172 praetereuntes,
1385 1100 1478 1154 cur

145 1184 203 1232 id
209 1181 507 1254 faciamus,
547 1185 881 1234 ostendimus:
916 1193 1011 1232 aut
1034 1200 1146 1237 cum
1171 1184 1478 1251 corrigimus

143 1271 338 1309 nosmet
359 1256 521 1332 ipsos,
560 1257 709 1332 quast
730 1259 1179 1325 reprehendentes.-
1220 1269 1314 1308 aut
1322 1255 1380 1330 fi
1398 1253 1479 1327 est

144 1335 324 1401 aliqua
355 1337 659 1386 exclamatio
699 1336 790 1387 vel
838 1337 1191 1386 admirationis
1236 1335 1326 1386 vel
1364 1352 1480 1385 con-

146 1409 424 1482 questionis
439 1432 457 1462 .-
516 1425 610 1462 aut
658 1431 770 1462 cum
819 1412 1042 1478 ejusdem
1080 1415 1293 1462 nominis
1331 1396 1481 1484 casus

55 1497 135 1544 767
134 1485 356 1561 saepius
414 1501 799 1554 commutantur.
899 1491 1274 1545 Sententiarum
1326 1506 1479 1539 orna-
1493 1505 1544 1544 4ο
1591 1522 1595 1525 -

147 1575 319 1613 menta
362 1566 564 1629 majora
580 1563 740 1638 sunt:
798 1564 979 1632 quibus
1007 1570 1134 1633 quia
1150 1561 1479 1638 frequentis?-

132 1637 274 1713 Jime
317 1638 695 1710 Demosthenes
739 1646 926 1702 utitur,
970 1640 1103 1715 sunt
1155 1647 1244 1709 qui
1277 1653 1478 1709 putent,

148 1720 325 1766 iccirco
359 1716 469 1781 ejus
499 1718 838 1784 eloquentiam
872 1723 1093 1769 maxime
1121 1717 1225 1794 effe
1243 1718 1478 1768 laudabi-

147 1793 260 1842 lem.
337 1793 620 1844 Enimvero
661 1794 830 1845 nullus
854 1791 987 1864 fere
1019 1794 1084 1844 ab
1115 1814 1174 1845 eo
1206 1797 1343 1844 locus
1359 1792 1479 1867 fine

148 1870 377 1931 quadam
399 1868 808 1940 conformatione
813 1868 1104 1944 sententiae
1138 1873 1348 1920 dicitur.-
1389 1889 1479 1921 nec

122 1945 297 1994 *aliud
341 1948 622 2012 quidquam
670 1944 751 2016 est=
800 1949 992 2006 dicere,
1047 1945 1142 2020 ιιι-Τι’
1181 1964 1349 1999 omnes
1385 1954 1493 1998 a'ut·

148 2032 285 2071 certe
314 2022 593 2089 plerasque
631 2024 810 2090 aliqua
836 2021 1008 2096 specie
1046 2025 1332 2075 illuminare
1350 2021 1479 2099 sen·-

233 2133 495 2184 iteranturque.
554 2134 688 2170 Turie.
719 2133 769 2180 (a
788 2148 846 2184 pr.
869 2133 1019 2184 manu)
1048 2134 1151 2172 Flor.
1177 2137 1366 2173 omittunt
1394 2150 1478 2188 que.

147 2187 223 2224 Sed
263 2188 388 2225 taedet
424 2189 700 2226 leviffimarum
741 2191 784 2226 in
822 2192 1078 2228 Ciceroniano
1111 2192 1199 2229 loco
1230 2194 1479 2234 varietatum,

149 2243 315 2292 ςαιεζ-ὶη
342 2246 440 2287 meis
462 2245 575 2281 libris
597 2246 743 2284 oblatas
765 2248 965 2284 Ciceronis
985 2249 1128 2289 editori
1149 2249 1254 2285 haud
1273 2249 1478 2286 invidebo.

135 2299 337 2339 ‘Referunt
359 2314 422 2337 eae
442 2302 485 2337 in
507 2302 666 2351 lingulis
689 2305 866 2352 geminos
878 2305 977 2342 [110⁸.

236 2367 301 2400 40.
341 2371 471 2394 comm.
514 2359 675 2396 Sentene.
733 2360 865 2396 Turio.
905 2362 1036 2411 Camp.
1071 2361 1243 2399 inserunt
1271 2363 1349 2399 vel.v
1371 2360 1477 2399 Alm-

150 2411 225 2448 Sed
257 2425 347 2447 cum
363 2414 447 2450 Cic.

170 2494 175 2500 .
234 2469 359 2505 utitur.
406 2471 539 2508 Turic.
569 2470 628 2519 (α’
647 2473 888 2523 prsmanu)
912 2483 1045 2510 utana-v.
1075 2487 1124 2510 ex
1144 2472 1246 2509 Alm.
1269 2482 1404 2509 utatur.

231 2522 432 2562 Enimvero
447 2528 580 2563 nullus.
634 2529 765 2566 Turic.
797 2530 924 2571 Guelf.
963 2529 1020 2567 Et
1046 2544 1131 2567 vero
1159 2539 1195 2565 et
1223 2543 1258 2564 n.
1282 2542 1371 2564 cnm
1393 2529 1475 2566 eie.

152 2575 226 2614 Ille
257 2592 278 2613 a
307 2580 376 2616 fec.
403 2595 520 2619 manu
550 2594 588 2620 et
607 2586 739 2621 'nullus
767 2597 805 2622 et
835 2587 882 2623 fic
914 2586 1025 2628 Bodl.
1059 2587 1134 2622 sed
1165 2585 1250 2621 edd.
1273 2595 1360 2621 ante
1381 2584 1475 2622 Bad-

152 2642 191 2670 et
208 2648 292 2671 vere
311 2649 347 2671 n.
362 2649 442 2674 exc.
462 2640 594 2690 Camp.
619 2652 656 2677 et
668 2642 756 2679 Ald.
780 2642 851 2691 qui
869 2652 916 2680 et„
925 2657 1011 2679 vero
1024 2658 1059 2678 n.

136 2752 137 2755 η
208 2731 274 2770 58.
306 2725 462 2763 breviter
480 2740 712 2767 commutata.
740 2733 787 2767 In
841 2732 981 2770 incidit
998 2732 1178 2771 Ernestus
1196 2731 1325 2768 leviter
1347 2745 1375 2767 c.
1397 2732 1480 2768 suu

152 2781 312 2819 eandem
333 2783 499 2821 Gesnero
525 2788 786 2843 conjectham
843 2789 947 2831 dens,
976 2789 1185 2826 immemor
1206 2800 1297 2826 tunc
1319 2788 1448 2826 amici.
