1702 3022
400 202 565 249 ms‘r.
602 201 879 262 onnon.
915 202 1039 248 Lm.
1072 202 1161 260 1x,
1201 210 1249 261 4·
1386 202 1486 261 611

156 328 327 394 placet
364 328 662 392 plerisque,
714 325 1035 377 dichoreus?
1111 327 1209 376 Illa
1248 325 1488 377 observa-

156 405 304 455 tione
340 420 404 452 ex
442 403 659 452 trocheo
679 401 758 451 ‘fit
794 400 1109 469 anapaestus.
1186 403 1333 453 Idem
1369 414 1485 474 *tro-
1499 412 1577 451 106

158 480 350 530 chaeus
389 479 732 545 praecedente
766 479 924 544 longa
965 476 1024 527 s1t
1062 496 1260 545 paeon:
1330 481 1487 546 quale

157 554 255 613 est,
296 557 354 604 Si
375 565 572 621 potero.
627 566 704 614 et,
740 556 901 605 Dixit
925 554 1018 604 hoc
1052 556 1256 615 Cicera,
1300 553 1487 626 Obstat

156 632 367 682 invidia.
448 632 545 681 Sed
585 632 730 682 hunc
758 633 926 682 initiis
951 631 1227 682 dederunt.
1289 634 1488 684 Cludet

154 718 209 758 et
233 707 578 774 pyrrhichius
614 709 809 758 choreo
841 706 1209 774 praecedente:
1261 727 1383 758 nam
1416 709 1485 773 fic

154 801 328 850 paeon
361 783 446 834 est.
529 785 631 834 Sed
657 801 840 834 omnes
873 786 941 844 ii,
980 787 1076 852 qui
1102 787 1160 834 in
1184 786 1371 835 breves
1397 803 1486 835 ex-

156 860 366 919 cidunt,
404 862 583 911 minus
614 871 771 911 erunt
805 859 1032 911 stabiles:
1087 879 1184 911 nec
1216 863 1343 912 alibi
1372 861 1485 913 fere

152 935 272 986 satis
295 938 420 1003 apti,
458 955 618 1003 quarn
644 938 739 987 ubi
758 936 940 987 cursus
969 939 1222 989 orationis
1241 940 1486 1006 exigitur,

151 1023 206 1061 et
230 1012 479 1064 clausulis
506 1030 619 1063 non
643 1013 987 1064 intersistitur.
1045 1016 1284 1065 Creticus
1305 1027 1358 1064 et
1379 1017 1483 1065 ini-
1498 1034 1576 1072 ¹07

153 1090 242 1138 tiis
271 1091 537 1157 optimus:
586 1091 744 1163 Quod
756 1101 996 1156 precatus
1016 1110 1050 1139 a
1071 1092 1169 1141 diis
1187 1092 1486 1142 immortali-

63 1163 247 1218 eszbus
270 1163 409 1238 sitm.
476 1177 527 1214 et
570 1167 845 1225 clausulis,
894 1170 961 1216 In
997 1163 1264 1240 conspectu
1301 1168 1487 1235 populi

36 1266 39 1267 ⁷
152 1242 379 1292 Romani
430 1260 640 1310 vomerse
687 1239 953 1313 postridie.
1056 1247 1286 1311 Apparet
1336 1262 1485 1305 vero,

153 1335 312 1384 quam
339 1319 473 1367 bene
508 1311 631 1368 eum
659 1320 998 1384 praecedant,
1037 1322 1125 1370 vel
1159 1322 1484 1390 anapaestus,

151 1394 240 1444 vel
291 1394 411 1454 ille,
476 1397 573 1461 qui
627 1395 844 1446 videtur
893 1394 990 1445 fini
1046 1399 1245 1464 aptior,
1295 1415 1483 1465 paeon.

239 1570 331 1607 ¹06.
362 1570 465 1606 hunc.
505 1572 639 1614 Turio.
661 1573 711 1620 (a
728 1587 787 1623 pr.
807 1574 953 1620 manu)
974 1573 1078 1610 Flor.
1100 1573 1179 1612 huc.
1220 1571 1382 1624 Reliqui
1402 1575 1482 1612 hoe·

151 1625 238 1663 Nos
261 1627 512 1663 mutavimus.
552 1630 609 1663 Ita
630 1631 664 1675 ᾖ.
683 1641 698 1663 ι
712 1641 773 1677 ¹9·
796 1629 914 1667 Goth.
937 1631 1026 1676 (tac.
1042 1629 1170 1676 Geta.)
1195 1632 1263 1667 huc
1282 1644 1355 1680 pro
1377 1632 1483 1667 hunc.

240 1682 382 1719 cludet.
432 1683 494 1718 Sic
513 1683 646 1719 Turio.
668 1683 687 1729 <
698 1698 718 1719 a
740 1698 799 1734 pr.
822 1687 964 1731 manu)
987 1684 1092 1722 Flor.
1134 1686 1294 1736 Reliqui
1316 1687 1454 1724 Cludit.

229 1736 287 1788 fic
315 1751 448 1786 paeon.
499 1740 630 1775 Turio.
661 1739 764 1776 Flor.
794 1740 920 1778 Guelf.
953 1742 1086 1792 Camp.
1105 1741 1144 1794 fi
1171 1757 1209 1790 p.
1239 1755 1329 1779 cum
1360 1742 1481 1782 Goth.

151 1792 256 1834 Voss'.
276 1805 313 1831 2.
336 1805 374 1830 et
395 1794 481 1831 edd.
502 1806 587 1831 ante
607 1794 694 1832 AM.
734 1797 916 1833 Correxit
927 1798 1086 1846 Regius.
1127 1798 1263 1835 Ambr.
1284 1814 1317 1835 ι,
1341 1798 1424 1850 etfi
1441 1813 1481 1847 p.

238 1846 300 1898 eft.
330 1851 415 1886 Sed.
458 1851 522 1886 Sic
541 1852 674 1888 Turio.
689 1853 822 1889 Ambr.
844 1868 876 1888 ι.
899 1866 987 1889 cum
1006 1853 1110 1890 Alm.
1141 1854 1213 1890 Ille
1233 1868 1253 1890 a
1274 1855 1343 1891 sec.
1362 1867 1483 1891 manu.
1555 1887 1561 1892 ,

153 1904 240 1956 effet
261 1916 299 1943 et
326 1908 375 1942 fic
397 1906 524 1943 Guelf.
549 1908 682 1957 Camp.
705 1920 793 1944 cum
815 1908 934 1945 Goth.
955 1910 1056 1947 voff.
1078 1921 1116 1946 9..
1162 1908 1213 1959 est
1232 1909 1271 1961 fi
1301 1911 1429 1954 Flor.³
1460 1924 1482 1948 ι

151 1963 222 1998 [οε.
243 1973 362 1998 manu
381 1959 433 2011 est
454 1971 491 1998 ct
501 1961 551 2013 fi.
606 1963 765 2013 Reliqui
793 1966 981 2002 omittunt
1005 1965 1090 2002 Sed.

241 2028 332 2062 ¹07·
366 2026 403 2053 et
434 2019 560 2054 iniciis.
610 2020 674 2056 Sic
712 2021 846 2057 Turic.
874 2025 893 2066 (
903 2035 922 2055 a
956 2035 1015 2070 pr.
1038 2024 1184 2068 manu)
1219 2022 1324 2060 Flor.
1375 2022 1481 2060 Reli·

152 2071 223 2124 qui
250 2070 301 2122 est
329 2075 353 2112 ἰ.
522 2076 655 2125 populi
678 2077 854 2113 Romani.
894 2078 1027 2117 Turic.
1048 2078 1151 2115 Plor-
1173 2079 1337 2128 populis.
1368 2093 1388 2114 a
1409 2080 1479 2116 sec.

151 2141 269 2165 manu
298 2140 461 2179 uterque
490 2132 624 2179 populi
652 2142 689 2168 et
715 2134 763 2168 fic
793 2132 910 2170 Goth.
939 2132 1037 2182 (tac.
1062 2133 1202 2180 Gesn.)
1233 2135 1366 2186 Camp.
1390 2148 1480 2172 cum

150 2185 256 2225 Voff.
280 2195 316 2222 2.
375 2187 474 2222 Inest
494 2187 659 2223 Romani
684 2187 748 2224 illi
774 2200 950 2225 veterum
971 2191 1009 2226 S.

226 2240 308 2289 fini
336 2245 470 2291 aptior.
522 2244 654 2279 Turic.
680 2242 764 2294 fine
794 2247 931 2294 apcios.
975 2245 1078 2282 Flor.
1093 2246 1180 2295 fine
1199 2250 1336 2294 aptius.
1376 2257 1480 2284 uter·

149 2309 226 2346 que
248 2311 268 2332 a
289 2298 358 2334 sec.
378 2312 497 2334 manu
510 2298 596 2346 fine
615 2302 740 2348 aptior
760 2311 799 2337 et
816 2303 864 2337 fic
889 2301 1019 2338 Guelf.
1040 2303 1159 2339 Goth.
1182 2304 1286 2342 Voss.
1312 2315 1348 2340 2.
1380 2303 1501 2344 Jent„

209 2440 300 2479 106.
332 2443 374 2477 Si
399 2450 530 2491 potero
550 2460 605 2471 -·
629 2443 781 2483 invidia.
840 2446 888 2481 cf.
911 2459 948 2495 9,
973 2454 1010 2488 2,
1037 2456 1103 2494 91.
1153 2447 1320 2484 Attende
1349 2457 1480 2484 autem

147 2494 254 2532 Haec
275 2496 360 2533 ficta
387 2501 457 2535 smt
477 2513 495 2535 e
516 2498 701 2549 vestigio,
735 2514 782 2536 an
837 2497 1113 2539 literamOhic
1123 2503 1248 2552 vulgo
1261 2514 1478 2554 correptam

147 2553 269 2601 petita
290 2552 467 2590 alicunde
490 2566 527 2590 et
550 2569 597 2591 ex
618 2569 695 2604 quo
717 2569 785 2605 po·
841 2567 880 2594 et
899 2559 947 2595 cf.
969 2559 1016 2594 ad
1041 2565 1077 2603 8,
1103 2559 1140 2600 6,
1164 2568 1229 2603 73.

147 2607 333 2643 tiffimum
390 2622 560 2651 oratore,
602 2625 783 2661 quaerere

145 2676 227 2699 non
249 2675 368 2702 vacat.
424 2669 597 2703 Primum
624 2668 783 2716 quidem
894 2670 987 2706 hunc
1024 2671 1052 2708 i.
1094 2683 1127 2707 e.
1164 2683 1352 2722 paeonem
1395 2670 1476 2723 pri·

146 2719 315 2770 suspicor
338 2721 410 2759 effe
436 2724 570 2761 Porcii
585 2724 781 2763 Latroni».
836 2738 960 2763 mum.
1093 2728 1102 2734 ’

902 2804 1035 2855 Qqss
