1702 3022
231 214 330 261 370
549 200 634 248 M.
663 191 804 249 ῬΑΒ.
853 197 1271 264 ρυιΝΤιῑ-,ῐΑΝι
1291 203 1323 231 ‘2'

231 345 406 395 unum
435 315 650 395 quidam
669 329 1033 394 Putaverunt„
1049 329 1109 377 in
1129 328 1232 379 hoc
1245 327 1367 395 ipso'
1387 329 1562 379 diver-

230 405 309 456 sas
340 407 621 474 opiniones
655 404 834 454 secuti.
912 406 1056 454 Nam
1087 405 1173 464 hi,
1214 407 1338 470 quia
1371 406 1562 455 verbo-

233 485 354 533 rum
387 483 613 532 mutatio
642 480 817 531 sensus
842 496 1058 547 quoque
1086 492 1339 540 verteret,
1380 497 1563 531 omnes

234 559 426 626 figuras
462 560 522 608 in
565 558 742 606 verbis
793 556 891 606 effe
930 557 1209 608 dixerunt:
1281 559 1388 616 illi,
1440 557 1566 622 quia.

233 637 397 687 verba
419 637 578 685 rebus
598 634 1135 694 accommodarentur,
1162 651 1345 687 omnes
1370 635 1432 683 in
1452 633 1568 682 fen-'-

233 712 387 763 fibus.
463 716 702 780 Quarum
716 740 720 743 .
735 723 963 777 utraque
995 711 1269 761 manifesta
1302 710 1565 760 cavillatio

172 797 221 834 16
236 788 322 838 est.
385 790 554 847 Nam,
604 798 655 836 et
683 788 867 837 eadem
898 788 1006 837 dici
1040 787 1210 838 solent
1237 789 1388 837 aliter
1413 797 1567 852 atque

237 866 409 924 aliter,
457 875 740 930 manetque
779 863 956 915 sensus
995 866 1298 916 elocutione
1337 869 1656 915 mutatat760

236 952 290 990 et
319 940 486 1007 figura
514 940 797 991 sententiae
833 943 1013 1008 plures
1049 942 1242 991 habere
1276 941 1569 990 verborum

238 1016 642 1084 figuras'potest.
715 1020 810 1066 llla
839 1017 912 1066 est
935 1019 1081 1066 enim
1113 1018 1278 1084 pofita
1304 1018 1364 1065 in
1394 1016 1570 1065 conci-

238 1094 433 1163 pienda
455 1095 802 1161 cogitatione,
842 1095 971 1143 haec
988 1095 1047 1142 in
1071 1092 1430 1145 enuncianda:
1479 1089 1571 1140 sed

332 1282 394 1320 15.
425 1274 504 1324 ipso
523 1272 702 1323 diversas.
734 1276 869 1312 Tui-ic.
891 1277 1023 1324 Camp.
1040 1275 1238 1311 omittunt.
1267 1275 1327 1308 Ex
1346 1272 1449 1310 Alm.
1473 1269 1572 1321 ipsas

243 1342 282 1369 et
301 1344 396 1367 mox
409 1330 615 1380 sententias
636 1343 708 1379 pro
732 1331 893 1380 diversas
915 1332 990 1376 (cf.
1016 1334 1049 1378 ᾗ.
1075 1337 1134 1374 14.
1152 1329 1247 1365 item
1267 1330 1402 1375 mox).

327 1389 414 1437 quia
441 1386 645 1422 verborum.
696 1387 828 1423 Turic.
852 1386 979 1423 Guelf.
1014 1386 1132 1422 Goth.
1155 1389 1250 1430 (tac.
1274 1384 1410 1428 Gesn.)
1435 1385 1568 1432 Camp.

245 1442 307 1492 lym‘
333 1457 368 1478 ν.
399 1455 488 1478 cum
515 1441 618 1479 Voff.
643 1451 679 1477 2.
702 1451 740 1487 3.
910 1443 1078 1478 mutatio.
1127 1443 1160 1476 T
1166 1442 1260 1476 urie.
1286 1440 1570 1485 (esec-manu)

243 1497 374 1535 Guelf.
407 1499 540 1547 Camp.
568 1497 686 1535 Goth.
714 1499 810 1535 Jens.
839 1500 936 1542 (tac.
965 1499 1103 1542 Gesn.)
1133 1499 1336 1532 mutatione
1366 1508 1456 1531 cum
1484 1495 1572 1530 edd.

245 1565 332 1590 aute
358 1553 469 1589 Leid.
639 1561 806 1590 verteret.
851 1554 985 1589 Turic.
1008 1551 1057 1602 (a
1077 1554 1144 1588 sec.
1166 1553 1312 1596 manu)
1345 1550 1472 1587 Guelf.
1493 1558 1573 1586 verb

246 1618 363 1646 terent
381 1621 471 1645 cum
499 1606 600 1648 Vall.
630 1609 725 1644 Loc.
755 1619 792 1644 et
813 1622 911 1646 rece.
934 1619 1019 1645 ante
1040 1610 1162 1645 Stoer.
1187 1620 1235 1643 ex
1253 1607 1355 1644 Alm.
1377 1614 1575 1643 verteretur·

244 1666 312 1711 (ef.
331 1666 401 1700 hac
420 1668 455 1712 ᾗ.
478 1665 574 1700 item
593 1664 687 1711 16.).
717 1666 814 1703 Jeus.
838 1666 925 1710 (tac.
948 1666 1077 1708 Gesn.)
1104 1672 1287 1701 verterunt
1306 1676 1394 1698 cum
1414 1662 1520 1702 Voff.
1537 1676 1574 1699 1.
1632 1687 1636 1693 ·

246 1722 361 1758 Tarv-
402 1721 621 1756 Nobiscum
652 1720 800 1755 faciunt
823 1731 860 1756 et
885 1722 1017 1769 Camp.
1041 1720 1160 1757 Goth.
1185 1719 1292 1758 Voss'.
1317 1730 1353 1756 2.
1549 1712 1551 1714 ¹

323 1775 487 1826 figuras.
530 1775 662 1811 Turio.
688 1778 735 1822 (a
757 1789 815 1823 pr.
836 1778 981 1823 manu)
1001 1775 1163 1823 futuras.
1335 1776 1423 1825 quia
1449 1773 1573 1810 verba.

247 1835 380 1881 Camp.
413 1834 474 1881 qui
500 1846 536 1868 v.
754 1832 1125 1867 accommodarentur.
1167 1832 1298 1879 Camp.
1321 1830 1574 1873 accommoda-

245 1897 327 1925 rent:
355 1901 444 1924 cum
472 1887 570 1926 Jens.
600 1898 638 1923 et
667 1887 752 1922 edd.
786 1898 870 1923 ante
897 1886 1002 1922 ssafil.
1224 1888 1398 1938 Quarum.
1440 1885 1575 1921 Turio.

244 1946 293 1991 (a
322 1945 389 1980 sec.
411 1941 557 1990 manu)
584 1956 756 1991 quorum,
788 1956 959 1991 quocum
997 1942 1143 1979 faciunt
1171 1939 1289 1979 Goth.
1319 1941 1451 1991 Camp.
1484 1953 1576 1977 cum

245 2001 330 2035 edd.
369 2011 455 2035 ante
494 1998 582 2035 Ald.
620 2011 694 2035 acc.
733 1998 827 2035 Bad.
866 1999 979 2038 Gesn.
1009 1999 1097 2047 Bip.
1155 1999 1376 2036 Nobiscum
1406 2009 1443 2034 et
1469 1996 1574 2034 Alm-

247 2067 283 2091 et
312 2055 440 2092 Guelf.
1146 2094 1147 2097 Ἴ

336 2112 398 2147 16.
429 2120 466 2147 et
485 2110 568 2146 ead.
591 2128 645 2137 —-
666 2119 832 2146 mutata.-
857 2119 904 2146 et.
946 2111 1008 2146 Sic
1022 2110 1151 2161 Guelf.
1171 2123 1260 2147 cum
1280 2109 1398 2146 Goth.
1412 2107 1516 2148 Voss'.
1535 2118 1573 2144 2.

244 2166 346 2205 Vall.
376 2166 471 2203 Obr.
514 2167 586 2202 Sed
607 2167 705 2205 Jens.
728 2178 764 2202 et
793 2167 877 2202 edd.
899 2177 984 2202 ante
1002 2166 1089 2202 Ald.
1111 2176 1146 2202 et
1167 2181 1318 2203 e.--m.
1342 2167 1395 2200 ita
1414 2173 1460 2199 et.
1498 2166 1573 2199 Re-

246 2222 349 2271 liqui
379 2222 426 2257 αὖ
444 2237 474 2258 e.
496 2243 547 2250 -
568 2237 616 2263 m.
639 2224 692 2258 ita
712 2232 770 2262 εις
810 2224 965 2271 operosa
985 2236 1056 2258 nec
1077 2223 1195 2270 hujus
1215 2221 1294 2258 loci
1313 2219 1573 2255 concinnitate

245 2292 315 2328 per
347 2287 405 2318 ut„
447 2280 510 2314 ica.
568 2279 717 2314 Natum
756 2281 809 2314 ita
849 2292 894 2314 ex
935 2278 1126 2327 postremo
1158 2285 1318 2317 mutata,
1359 2289 1429 2310 nec
1457 2275 1574 2311 habet

245 2334 349 2371 Voss'.
372 2344 408 2378 5.
543 2333 680 2383 solent.
720 2334 848 2370 Guelf.
874 2333 986 2383 solet.
1117 2342 1226 2382 atque
1262 2332 1382 2367 aliter.
1438 2330 1571 2367 Turic-

240 2391 380 2439 Camp.
407 2389 605 2426 omittunt.
642 2390 834 2427 Narratur
855 2390 958 2427 Alm.
980 2390 1159 2426 omittere
1181 2398 1219 2423 et
1238 2387 1349 2436 prius
1370 2386 1488 2422 aliter.

308 2519 371 2557 ²5·
403 2513 577 2564 Quarum.
631 2515 661 2549 F
664 2514 881 2550 emininum
938 2514 1040 2549 unde
1061 2511 1172 2547 facile
1189 2511 1385 2560 promitur
1398 2509 1573 2559 pluralis.

247 2567 424 2610 relativi,
456 2569 562 2617 quod
602 2570 725 2617 exigit
759 2570 880 2616 subje-
936 2570 1014 2604 Etsi
1043 2569 1147 2603 enim
1174 2568 1336 2616 speciem
1362 2567 1478 2604 habet
1508 2567 1571 2602 ab·

249 2635 355 2662 ctum
378 2625 565 2660 continuo
594 2634 767 2673 utraque,
807 2625 880 2660 mi·
937 2625 1043 2659 surdi
1074 2624 1159 2660 talis
1194 2623 1421 2663 oratio,sre
1445 2633 1569 2657 tamen

246 2692 320 2717 nus
350 2691 452 2716 recte
483 2680 530 2715 ad
555 2682 755 2728 opiniones
778 2691 880 2715 retu·
939 2680 1151 2728 elegantior
1190 2677 1240 2715 est
1279 2691 1395 2728 quam
1439 2676 1569 2725 vulga·

245 2733 359 2777 leris,
414 2749 531 2786 quam
575 2736 623 2772 ad
676 2736 879 2777 cavillatio,
936 2736 1003 2773 ris.
