1702 3022
1352 0 1374 7 l

352 201 516 248 INST.
564 199 843 266 ORATOR.
871 198 994 245 1:113.
1031 198 1126 256 IX,
1176 212 1218 243 1.
1241 211 1307 259 20,
1361 207 1456 253 385

133 328 293 378 liaris.
373 327 555 392 Atque
589 326 722 376 alias
741 329 894 375 etiam
913 324 1112 373 dicendi
1128 320 1461 395 quast-virtu·
1474 340 1525 380 45

132 415 209 454 tes
228 399 520 476 sequatur:
559 401 885 460 brevitatem,
901 398 958 473 fi
986 418 1067 450 res
1091 413 1237 465 petet
1250 420 1282 453 :ff
1290 397 1461 472 saepe

134 484 291 530 etiam
352 498 460 530 rem
521 481 730 530 dicendo
773 475 1013 551 subjiciet
1059 479 1240 536 oculis,
1290 475 1478 550 saepe

129 553 302 631 supra
326 554 509 626 feret,
568 555 724 623 quam
749 556 882 627 fieri
914 547 1099 626 poffzt:
1172 553 1459 626 zgnificatio

118 630 292 707 saepe
319 636 418 680 erit
450 632 640 698 major,
680 651 835 699 quam
868 636 1061 682 oratio.-
1085 628 1257 705 saepe
1281 630 1461 679 hilari-

130 720 242 768 tas,
266 705 438 781 saepe
455 714 599 760 vitae
619 721 1023 774 naturarumque
1046 711 1272 757 imitatio.
1339 709 1460 756 Hoc

135 789 187 836 in
236 803 430 856 genere
472 788 628 856 (nam
673 784 821 859 quasi
853 782 1052 857 silvam
1081 784 1260 854 vides)
1301 786 1460 834 omnis

135 861 332 912 eluceat
358 875 561 928 oportet
579 864 901 929 eloquentiae
922 862 1240 932 magnitudo.
1279 910 1282 912 ,

244 1011 307 1058 11.
345 1012 487 1076 Ergo
531 1012 620 1061 cui
652 1011 812 1060 latius
850 1011 1130 1076 complecti
1164 1007 1463 1060 conforma-

132 1086 307 1136 tiones
343 1088 636 1137 verborum
674 1104 732 1136 ac
769 1085 1148 1136 sententiarum
1189 1086 1463 1152 placuerit,

133 1160 324 1221 habet,
361 1163 511 1228 quod
542 1162 802 1229 sequatur.
863 1181 965 1212 nec
992 1162 1244 1213 affirmare
1280 1161 1462 1219 ausim,

140 1238 437 1304 quidquam
471 1237 568 1288 effe
600 1241 819 1299 melius;
859 1238 950 1288 sed
967 1239 1096 1291 haec
1119 1239 1186 1288 ad
1204 1237 1462 1305 propoliti

45 1319 126 1368 769
139 1315 247 1362 mei
273 1316 531 1365 rationem
562 1316 712 1382 legat.
800 1316 942 1365 Nam
969 1316 1107 1364 mihi
1138 1315 1204 1364 de
1230 1316 1314 1364 his
1347 1314 1464 1362 sen-

133 1391 417 1441 tentiarum
445 1390 629 1457 figuris
666 1393 841 1442 dicere
871 1394 930 1441 in
967 1393 1144 1442 animo
1176 1391 1276 1450 est,
1325 1405 1462 1457 quae

135 1467 199 1516 ab
238 1468 336 1517 illo
385 1467 608 1534 simplici
647 1469 812 1520 modo
851 1468 1127 1518 indicandi
1180 1469 1461 1518 recedunt:

137 1543 289 1609 quod
309 1543 455 1592 idem
478 1546 659 1594 multis
684 1545 983 1595 doctissimis
1010 1547 1141 1595 viris
1163 1545 1326 1595 video
1348 1546 1460 1610 pla-

139 1616 310 1669 cuisse.
398 1621 589 1668 Omnia
622 1631 797 1670 tamen
827 1623 945 1681 illa,
984 1623 1145 1672 etiam
1172 1639 1308 1688 quae
1336 1621 1501 1671 sunta

138 1696 353 1745 alterius
401 1695 554 1745 modi
601 1697 834 1756 lumina,
906 1698 1038 1747 adeo
1080 1697 1203 1747 sunt
1236 1701 1462 1768 virtutes

137 1772 422 1831 orationis,
496 1782 561 1822 ut
612 1772 720 1821 fine
762 1774 830 1823 iis
874 1774 1025 1822 nulla
1071 1775 1329 1839 intelligi·
1350 1772 1462 1822 fere

135 1847 283 1916 poffit
323 1849 505 1898 oratio.
594 1849 737 1898 Nam
778 1849 1052 1917 quomodo
1091 1849 1252 1909 iudex
1280 1850 1463 1901 doceri

135 1921 335 1990 potest,
390 1922 430 1973 fi
468 1923 595 1974 defit
625 1924 844 1976 illustris
886 1926 1212 1991 explanatio,
1267 1944 1464 1991 propo-

128 1997 280 2072 sitio,
327 1994 619 2072 promiffio,
653 2000 861 2072 finitio,
886 1997 1170 2074 sejunctio,
1212 2000 1462 2075 expositio

130 2073 415 2149 sententiae
420 2073 586 2150 ficae,
625 2081 835 2129 rationis
856 2089 985 2145 apta
1008 2077 1269 2153 conclusio,
1304 2096 1462 2145 prae-

224 2223 261 2246 ι.
292 2209 419 2246 dicere.
455 2210 490 2245 T
491 2210 587 2246 urie.
610 2211 743 2260 Camp.
763 2211 971 2253 omittunt,
1001 2225 1090 2248 cum
1111 2213 1213 2251 Alm.

219 2277 258 2303 2.
289 2267 345 2301 1’1'5.
377 2267 440 2302 Sic
462 2267 593 2302 Turic.
616 2266 736 2303 Goth.
766 2268 863 2315 (tac.
886 2262 1025 2318 Gesn.)
1062 2270 1223 2320 Reliqui
1251 2272 1317 2308 his.

213 2321 311 2369 fere.
341 2321 406 2358 Sic
435 2322 565 2359 Guelf.
597 2323 758 2372 Reliqui
776 2337 871 2360 vere.
1038 2329 1195 2362 rationis
1212 2338 1313 2377 apta.
1326 2331 1460 2370 Turie.

137 2376 267 2414 Guelf.
293 2377 427 2428 Camp.
457 2381 639 2415 orationis
672 2393 761 2415 cum
788 2379 906 2416 Goth.
935 2382 1040 2422 VolI'.
1060 2392 1101 2420 2.
1122 2392 1159 2427 3.
1182 2384 1293 2421 Colb.
1318 2398 1356 2423 et
1374 2387 1463 2426 edd.

198 2487 234 2512 ι.
263 2475 362 2530 quod
379 2475 487 2513 idem.
517 2476 655 2513 Cicero
684 2476 771 2525 qui·
829 2488 850 2511 a
890 2479 1091 2514 communi
1131 2479 1305 2516 sermone
1336 2491 1463 2517 muta·

139 2530 228 2566 dem
257 2530 360 2565 suam
393 2532 439 2567 dc
460 2530 595 2580 figuris
626 2532 771 2568 doctri·
829 2531 988 2571 tionem.
1423 2540 1425 2542 '

137 2599 227 2622 nam
275 2584 390 2622 latius
439 2587 770 2638 comprehendiffe
893 2636 896 2639 ι

136 2642 296 2678 videtur
334 2643 484 2684 nostro,
525 2645 595 2693 qui
635 2644 681 2680 de
717 2645 769 2680 iis
912 2656 936 2681 2
994 2646 1209 2695 explanatio
1238 2664 1295 2676 -—
1333 2646 1460 2699 laefio.

136 2698 257 2735 modo
300 2711 412 2747 agere
443 2701 642 2736 constituit
671 2714 768 2749 quae
825 2701 931 2737 Haec
950 2701 1134 2752 pleraque
1152 2717 1292 2752 quaere
1311 2703 1354 2739 in
1367 2714 1463 2754 pto·

136 2753 301 2792 habeant
331 2753 543 2793 notabilem
578 2756 769 2805 quandam
824 2757 942 2796 ximis
972 2760 1052 2795 istis
1081 2759 1360 2797 Ciceronianis.
