1702 3022
161 218 271 276 vru
672 202 975 252 EDITOR
1011 238 1013 241 -

160 315 220 381 in
241 329 366 381 utus
385 326 592 390 nostros
613 324 798 378 sedulo
824 344 911 377 me
940 325 1346 387 conversurum,
1382 344 1485 387 neq

106 486 116 490 s
160 421 454 487 quidquam
490 417 678 475 dubito
709 419 842 484 quin
862 428 1038 484 parata
1059 417 1195 465 mihi
1220 417 1281 467 fit
1300 419 1484 475 futura

159 511 511 560 litteratorum
550 505 1027 558 Mediolanenfium
1063 505 1293 557 officiosa
1323 505 1483 572 indu}

159 599 304 658 stria,
355 613 489 648 cum*
510 595 811 663 praesertim
844 614 965 647 meo
1003 597 1243 664 exemplo
1283 593 1482 662 didice-=

157 690 289 748 rim,
336 697 530 753 quanta
566 686 860 737 doctiffimis
907 686 1217 737 hominibus
1257 682 1378 738 effet
1411 687 1483 735 sin

157 776 495 834 eruditorum
519 775 786 826 desideriis
815 775 1086 842 explendis
1114 774 1317 838 religio.
1357 777 1484 824 Mea

157 865 379 933 quidem
402 849 639 930 excerpta
655 866 728 912 ita
749 864 963 929 signavi,
983 846 1044 914 ut
1060 867 1315 925 majorem
1337 861 1486 912 codi-

98 996 101 1000 .
157 971 273 1004 cem
301 943 617 1020 appellarem
645 954 835 1005 Ambr„
850 972 892 1002 1.
907 990 922 1011 ,
969 954 1221 1010 alterum,
1258 951 1484 1017 quadra-

153 1052 290 1103 tum,
319 1032 497 1092 Ambr.
526 1057 574 1102 2.
632 1042 802 1092 ulain
823 1044 943 1092 loco
964 1043 1091 1091 libri
1111 1040 1254 1100 sexti,
1288 1040 1355 1090 de
1376 1059 1489 1107 qua,
1541 1033 1553 1043 ⁴

153 1132 283 1191 dixi,
325 1131 521 1187 omissio
552 1147 673 1181 cum
693 1147 909 1196 magnae
936 1131 1080 1197 apud
1101 1148 1187 1180 me
1213 1147 1482 1183 ,commen-

152 1220 357 1272 dationi
367 1219 530 1271 fuerit
545 1219 716 1270 codici
730 1219 1092 1279 Ambrosiano,
1118 1220 1246 1270 nolo
1269 1230 1481 1270 tantun-

154 1309 279 1361 dem
309 1310 540 1360 tribuere
574 1311 665 1360 alii
703 1309 939 1368 cuidam,
989 1326 1147 1375 quam
1192 1308 1480 1359 ostendunt

153 1399 267 1451 duo
285 1400 346 1449 hi
366 1402 509 1451 MSS.
523 1384 548 1458 ‚*
564 1398 776 1450 versum
790 1402 1048 1448 Graecum
1069 1413 1119 1456 5,
1147 1417 1192 1457 1,
1218 1404 1298 1463 14.
1330 1415 1483 1464 prae-

112 1483 116 1487 ⁴
153 1499 418 1552 tereuntes
444 1487 548 1538 fine
573 1490 687 1540 ullo
715 1487 950 1539 defectus
974 1487 1209 1553 vestigio.
1268 1489 1480 1538 Habent

151 1577 297 1630 enim
322 1579 425 1629 hoc
456 1595 741 1629 commune
762 1596 886 1629 cum
913 1578 1117 1642 aliquot
1141 1578 1300 1643 longe
1319 1579 1479 1628 vilio-

150 1669 300 1718 ribus
337 1669 488 1717 libris
522 1669 581 1716 in
612 1668 727 1717 aliis
755 1668 931 1716 Italiae
973 1667 1308 1717 bibliothecis
1339 1668 1478 1717 mihi

152 1758 352 1808 oblatis.
431 1758 626 1823 Neque
659 1758 802 1806 enim
831 1773 881 1806 v.
907 1774 950 1811 c,
978 1755 1119 1805 deest
1145 1756 1284 1806 bona
1307 1759 1477 1826 Quin-

150 1823 352 1895 tilianei
388 1846 561 1911 operis
597 1848 747 1914 copia
780 1847 840 1896 in
878 1845 1146 1904 Vaticana,
1201 1844 1293 1894 sed
1334 1850 1477 1907 ejus-

149 1934 302 1984 modi
322 1943 410 1992 ut,
448 1935 543 1999 qui
569 1937 618 1983 ei
642 1934 844 1984 summa
864 1951 987 1983 cum
1010 1935 1304 1982 litterarum
1327 1935 1477 1984 utili-

150 2034 254 2083 tate
287 2021 508 2087 praeest,
557 2024 930 2072 celeberrimus
968 2031 1020 2070 et
1048 2022 1280 2087 optimus
1310 2023 1475 2072 Mari-

149 2129 252 2164 nus
278 2127 450 2161 unum
482 2110 646 2161 modo
672 2127 860 2161 eorum
886 2112 1031 2161 MSS.
1074 2111 1260 2176 Poggii
1293 2108 1472 2160 seculo

149 2199 491 2251 vetustiorem
521 2200 864 2265 pronunciet,
905 2210 1104 2250 ceteros
1132 2198 1241 2248 fere
1276 2215 1305 2246 e
1321 2198 1473 2266 Pog-
1502 2232 1504 2235 f

150 2291 306 2355 giano
337 2288 682 2354 transcriptos.
740 2287 826 2336 Est
848 2299 1022 2339 autem
1043 2289 1136 2338 ille
1165 2289 1386 2338 mutilus
1419 2299 1471 2338 et

148 2395 335 2444 magna
373 2377 456 2428 sui
497 2389 642 2444 parte
678 2376 862 2437 caffus,
896 2380 1080 2443 (velut
1108 2377 1224 2428 libr.
1259 2390 1307 2436 5.
1339 2389 1465 2428 extr.

148 2468 364 2533 integris
385 2472 433 2516 6.
456 2481 505 2528 7.
533 2478 585 2516 et
612 2468 734 2534 plus
759 2483 918 2533 quam
942 2466 1168 2520 dimidio
1192 2470 1275 2531 8.)
1305 2483 1469 2530 quare
1500 2494 1505 2497 s
1577 2478 1586 2485 ‘

147 2556 303 2606 nolui
318 2557 549 2608 multum
570 2574 723 2627 curae
741 2559 1101 2626 temporisque
1115 2555 1385 2616 insumere,
1400 2555 1467 2606 ad

148 2644 381 2702 eruenda
408 2655 513 2694 tam
543 2647 739 2695 incerta
762 2647 926 2706 bona,
969 2647 1058 2697 hic
1081 2646 1158 2694 ibi
1185 2645 1475 2716 inspiciens

144 2732 228 2786 dis
256 2734 399 2785 hisce
431 2735 595 2795 libris*
614 2746 902 2788 contentus.
977 2736 1102 2788 Plus
1135 2735 1261 2787 dedi
1292 2751 1466 2815 excer-
