1702 3022
254 224 353 283 366
576 225 653 273 Μ.
684 226 819 277 FAB.
857 210 1275 280 Qum‘rmmm

254 361 484 416 apparet..
557 353 673 400 Nec
706 363 943 402 mutatur
972 354 1247 404 vocabulis
1268 355 1352 404 vis
1386 373 1579 407 rerum.

215 431 333 485 8Et‚
373 426 503 477 ficut
522 428 783 486 homines,
822 428 860 477 fi
885 429 1031 479 aliud
1057 440 1384 496 acceperunt,
1421 448 1581 498 quam

252 505 402 569 quod
431 505 745 562 habuerant,
785 521 1008 564 nomen,
1045 506 1210 556 iidem
1231 505 1354 557 stmt
1375 516 1579 559 tamen:

249 582 321 629 ita
346 580 486 640 haec,
528 581 593 629 de
614 582 809 645 quibus
832 582 1123 647 loquimur,
1150 582 1257 634 five
1284 574 1438 647 tropi,
1473 582 1581 632 five

235 654 464 728 figurae
493 657 765 716 dicentur,
802 657 946 707 idem
970 657 1214 710 efficient.
1274 661 1406 709 Non
1436 661 1585 709 enim-

245 734 559 783 nominibus
582 733 818 800 prosunt,
838 733 928 784 sed
950 732 1250 786 effectibus:
1284 746 1361 794 ut,
1384 732 1581 805 [lacum

247 809 662 877 conjecturalem,
705 829 771 860 an
797 810 1087 882 infitialem,
1123 830 1189 862 an
1209 809 1381 882 facti,
1421 830 1489 861 an
1517 812 1582 860 de

231 880 535 957 substantia
573 889 939 947 nominemus,
984 889 1124 938 nihjl
1162 887 1401 946 interest,
1449 888 1582 938 dum

209 961 391 1019 9idem
417 965 601 1028 quaeri
631 962 863 1015 sciamus.
943 967 1222 1032 Optimum
1254 982 1379 1031 ergo
1410 965 1471 1013 in
1495 964 1580 1013 his

243 1037 395 1104 sequi
434 1041 660 1102 maxime
699 1054 932 1107 recepta,
971 1052 1024 1091 et
1051 1059 1166 1092 rem
1202 1041 1393 1107 ipsam,
1441 1055 1668 1105 quov758

245 1132 461 1181 cunque
487 1118 836 1183 appellabitur
859 1117 1041 1176 modo,
1073 1118 1382 1183 intelligere.
1433 1115 1579 1182 Illud

243 1202 418 1242 tamen
443 1194 754 1252 notandum,
792 1196 934 1244 coire
956 1194 1264 1260 frequenter
1281 1195 1340 1242 in
1365 1192 1577 1243 easdem

241 1267 519 1318 sententias
561 1281 613 1319 et
647 1273 808 1334 τρόπον
844 1281 895 1319 et
918 1270 1181 1341 figuram.
1261 1274 1394 1318 Tam
1430 1271 1572 1317 enim

241 1346 505 1395 translatis
547 1347 751 1404 verbis,
812 1363 970 1411 quam
1011 1347 1266 1412 propriis,
1317 1343 1593 1410 figuratur.

178 1449 229 1474 ιο
242 1423 428 1470 oratio.
478 1420 565 1470 Est
588 1433 766 1471 autern
786 1439 899 1472 non
923 1422 1205 1472 mediocris
1233 1421 1372 1470 inter
1393 1430 1573 1469 aucto-

240 1514 324 1547 res
364 1496 632 1556 disl'enslo,
684 1509 735 1546 et
770 1515 904 1563 quae
937 1500 1020 1548 vis
1057 1499 1291 1548 nominis
1333 1500 1468 1559 ejus,
1521 1506 1573 1545 et

241 1583 375 1638 quot
409 1591 626 1640 genera,
665 1584 717 1622 et
742 1591 902 1640 quae,
942 1591 1103 1640 quam
1138 1574 1444 1639 multaeque
1472 1570 1573 1639 [int

326 1724 363 1763 8.
387 1716 478 1768 sunt
502 1727 634 1754 tamen.
691 1719 824 1755 Turic.
850 1717 895 1768 se
926 1727 1067 1759 tamen,
1106 1732 1125 1753 a
1157 1718 1225 1754 sec.
1256 1730 1375 1752 :manu
1401 1715 1438 1766 fi
1467 1713 1517 1764 efi*
1544 1723 1570 1751 t.

241 1774 375 1823 Camp.
394 1773 474 1824 fine
503 1783 528 1811 t.
687 1773 770 1824 five
790 1774 956 1822 figurae.
998 1775 1110 1809 Prius
1144 1773 1294 1809 omittit
1316 1773 1449 1807 Turic.
1471 1784 1491 1805 a
1509 1784 1568 1819 pr.

209 1863 211 1865 ,
239 1842 371 1865 manu.
556 1829 732 1870 dicentur.
785 1831 917 1865 Turic-
949 1830 1116 1864 dicm‘ztur
1140 1842 1235 1876 >cum
1263 1826 1367 1863 Alm.
1396 1826 1494 1866 Jens.
1533 1837 1572 1862 et:

241 1885 325 1922 edd.
347 1886 508 1934 posterr.
530 1897 615 1922 ante
633 1885 721 1921 Ald.
754 1886 823 1935 qui
844 1887 1012 1921 dicantur
1042 1896 1080 1921 et
1105 1886 1153 1921 fic
1173 1886 1305 1932 Camp.
1331 1895 1421 1918 cum
1440 1880 1569 1918 Colin-

318 1941 440 1989 facti,
469 1957 517 1977 an
537 1943 580 1978 de
595 1939 709 1991 subst.
751 1942 814 1977 Sic
835 1943 967 1991 Camp.
989 1955 1077 1977 cum
1099 1941 1216 1978 Goth.
1237 1939 1342 1977 Voff.
1360 1946 1397 1975 2.
1427 1937 1463 1986 f.
1489 1937 1571 1972 dem

239 2013 274 2034 a.
297 1999 332 2032 d.
348 1997 382 2047 s.
412 1998 544 2034 'rm-ic.
576 2011 663 2034 cum
691 1996 793 2033 Alm.
851 1996 933 2039 Ille'
955 2011 975 2033 a
1001 1998 1068 2034 sec.
1089 2010 1208 2033 manu
1235 1997 1352 2032 dicem
1369 2006 1444 2043 pro
1473 1994 1568 2032 derna

239 2053 368 2089 Guelf.
385 2053 421 2101 f.
443 2051 701 2103 a.subfiantia
720 2068 768 2089 an
789 2055 825 2088 cl.
847 2052 881 2102 s.
914 2067 1004 2090 cum
1026 2053 1130 2093 Vols.
1155 2063 1192 2097 5.
1233 2052 1265 2100 f.
1287 2047 1569 2099 an'subst'antn’a‘

239 2109 311 2144 lem
332 2125 364 2146 a.
387 2111 422 2145 d.
438 2109 473 2159 s.
503 2111 602 2149 Jens.
626 2123 715 2147 cum
742 2110 826 2145 edd.
858 2120 943 2146 ante
965 2108 1054 2146 Ald.
1104 2108 1265 2157 Reliqui
1276 2106 1312 2155 f·
1333 2119 1381 2141 un
1400 2101 1568 2153 substan·

236 2167 314 2199 tiae
339 2180 371 2199 a.
400 2167 434 2201 d.
456 2164 490 2214 s.
713 2166 749 2202 d.
783 2166 879 2201 idem
912 2167 1048 2215 quaeri.
1099 2164 1233 2201 Turio.
1262 2164 1299 2199 d.
1330 2163 1355 2197 ἰ.
1376 2167 1565 2210 quaerunt.

237 2219 371 2269 Camp.
403 2222 437 2255 d.
468 2221 567 2270 quod
595 2223 620 2256 ί.
650 2235 684 2271 q.

322 2288 358 2323 9.
391 2278 606 2324 int-elligere.
658 2278 720 2312 Sic
740 2276 872 2312 Turio.
887 2277 1019 2325 Camp.
1035 2275 1195 2326 Capp'er.
1218 2287 1307 2310 cum
1321 2272 1440 2309 Goth.
1461 2271 1564 2308 Ahm

234 2332 348 2369 Bodl.
380 2331 492 2368 Colb.
526 2333 627 2370 Voff.
652 2344 688 2369 2.
717 2332 838 2371 Andr,
868 2331 956 2367 Ald.
992 2332 1179 2382 probante
1208 2341 1279 2365 nec
1310 2340 1438 2365 tamen
1465 2327 1564 2364 reci·

235 2389 366 2437 pit->nte
397 2388 503 2423 Gesn.
558 2389 718 2437 Reliqui
754 2388 926 2436 intelligi.
1152 2387 1244 2421 Tam
1273 2387 1380 2420 enim.
1430 2383 1564 2420 Turie-

237 2445 370 2494 Camp.
404 2443 593 2480 omittunt
621 2447 727 2482 enim.
778 2443 880 2482 Vols.
911 2458 944 2479 1.
971 2454 1044 2492 pro
1074 2452 1120 2477 eo
1143 2443 1193 2478 in.

328 2513 388 2537 ιο.
422 2507 458 2534 et
477 2512 589 2547 quae,
631 2514 738 2548 quam
768 2500 983 2548 multaeque.
1032 2497 1163 2533 Turic-
1185 2510 1215 2532 ε.
1237 2511 1271 2546 q.
1296 2495 1411 2531 multa
1434 2506 1563 2544 aeque,

235 2570 256 2593 a
279 2558 346 2593 sec.
371 2568 488 2593 manu
508 2569 540 2592 e.
560 2568 593 2603 q.
614 2570 727 2605 aeque
746 2556 871 2591 multa.
910 2554 993 2590 Alii
1011 2552 1123 2588 aliter
1144 2553 1186 2588 in
1208 2553 1270 2589 his
1293 2550 1468 2587 minutis.

254 2694 257 2696 Δ
287 2675 325 2713 8.
346 2664 487 2716 statum
504 2666 793 2710 conjecturalem.
820 2666 867 2702 cf.
924 2665 1055 2702 οναεῐο.
1098 2663 1144 2699 cf.
1171 2667 1203 2710 ᾗ.
1228 2672 1264 2707 7.

231 2733 270 2771 5,
297 2724 332 2765 6,
362 2730 424 2765 15·
449 2731 514 2769 59-
615 2753 617 2756 -
988 2734 1050 2757 ιο.
1081 2720 1238 2757 nominis
1260 2718 1339 2764 ejus
1359 2716 1388 2753 i.
1406 2713 1559 2764 affigu-

291 2791 326 2828 9.
369 2779 460 2814 Tam
492 2779 588 2813 enim
608 2796 660 2806 --
675 2776 868 2827 figuratur
924 2791 998 2814 rae.
