1702 3022
333 195 522 262 '‘st‘r.
555 208 849 287 ominum
887 210 1015 257 Lm.
1052 211 1141 269 lx}
1180 223 1225 258 1.
1369 211 1467 272 3⁶⁷

131 341 343 410 species.
401 342 588 409 Quare
608 339 843 406 primum
869 336 1194 387 intuendum
1215 335 1304 397 est,
1335 337 1492 404 quid⁴
1514 365 1521 383 -.

132 421 368 485 accipere
415 417 703 466 debeamus
732 413 997 487 figuram.
1077 415 1220 463 Nam
1255 414 1471 467 duobus

130 495 308 548 modis
330 494 554 544 dicitur:
585 509 717 551 uno,
743 491 1132 558 qualiscunque
1141 487 1334 561 forma
1357 489 1473 540 sen-

129 573 351 630 tentiam
400 569 532 619 ficut
552 571 613 621 in
638 567 986 636 corporibus,
1002 568 1216 634 quibus,
1246 585 1470 634 quoquo

131 647 296 699 modo
322 646 446 696 sunt
479 644 789 712 composita,
828 645 1017 710 utique
1039 644 1252 694 habitus
1273 643 1347 693 est
1377 646 1472 693 ali-

130 725 282 790 quis:
334 724 515 781 altero,
554 739 665 788 quo
689 723 909 789 proprie
916 717 1133 792 schema
1158 721 1372 779 dicitur,
1410 723 1471 770 in
1487 744 1533 768 u

131 798 286 850 sensu
308 800 398 850 vel
426 798 668 849 sermone
690 800 866 864 aliqua
886 817 916 846 a
938 799 1149 863 vulgari
1171 808 1223 846 et
1245 797 1471 865 fimplici

130 876 302 944 specie
334 893 459 926 cum
491 876 697 926 ratione
726 876 979 934 mutatio;
1030 873 1163 924 ficut
1192 891 1292 925 nos
1312 871 1472 947 sede-

130 972 267 1012 mus,
306 950 659 1011 incumbimus,
700 948 1009 1024 respicimus.
1095 954 1307 1016 Itaque,
1346 967 1471 1002 cum
1491 996 1498 1000 .
1516 982 1525 995 ,-

130 1031 192 1080 in
217 1029 434 1080 eosdem
455 1027 624 1087 casuS,
663 1039 756 1078 aut
785 1038 1048 1094 tempora,
1087 1038 1180 1085 ¹aut
1199 1044 1470 1088 numeroe,

131 1116 224 1156 aut
247 1107 408 1154 etiam
430 1104 595 1171 pedes
619 1105 878 1154 continuo
903 1105 1053 1169 quis,
1091 1115 1184 1154 aut
1216 1115 1355 1157 certe
1385 1107 1471 1154 ni.-

132 1182 306 1232 mium
342 1179 649 1246 frequenter
688 1181 941 1237 incurrit,
1001 1182 1302 1247 praecipere
1337 1180 1471 1232 sole·

131 1275 253 1308 mus
275 1257 564 1309 variandas
577 1255 803 1328 figuras
830 1254 928 1306 effe
957 1256 1204 1316 vitandae
1226 1256 1470 1310 fimilitu-

215 1444 440 1494 corporibus,
471 1443 612 1493 quibus.
664 1444 727 1480 Sic
750 1444 883 1481 Thric.
906 1441 1034 1482 Guelf.
1058 1457 1148 1481 cum
1170 1445 1320 1495 Gryph.
1343 1448 1468 1485 Stoer.

131 1501 298 1543 chouet.
320 1502 432 1538 Leid.
455 1501 559 1537 Gibs.
597 1499 761 1549 Reliqui
781 1500 954 1538 inserunt
978 1503 1027 1537 in.
1134 1501 1227 1551 sunt
1251 1516 1370 1550 comp.
1403 1503 1469 1538 Sio

131 1557 266 1593 Turic.
291 1557 409 1594 Goth.
432 1558 454 1595 J
457 1557 530 1593 ens.
550 1556 639 1603 (tac.
665 1557 795 1606 Gern.)
815 1570 904 1594 cum
928 1557 1011 1594 edd.
1032 1558 1191 1607 posterr.
1214 1570 1300 1595 ante
1314 1559 1468 1610 Gryph.

130 1611 294 1661 Reliqui
312 1611 394 1663 fint
421 1626 450 1647 c.

225 1683 288 1704 11.
329 1681 400 1718 quo
427 1669 591 1717 proprie.
649 1668 712 1704 Sic
743 1669 878 1705 Turio.
914 1669 1042 1706 Guelf.
1073 1670 1206 1720 Camp.
1239 1684 1326 1706 cum
1356 1670 1466 1708 Bam.

132 1726 255 1761 Stoer.
280 1723 447 1760 Chouet.
472 1723 584 1759 Leid.
625 1717 785 1773 Reliqui
813 1726 912 1775 quod
931 1739 970 1774 p.
1106 1726 1290 1775 sedemus.
1332 1727 1468 1762 Turio.

130 1781 306 1817 redamus.
355 1778 458 1815 Alm.
490 1779 683 1814 reddemus
709 1781 786 1824 (cf.
817 1784 851 1826 §.
876 1787 912 1822 5.
941 1786 1001 1823 14.
1014 1782 1045 1827 ).
1096 1781 1164 1816 nli
1200 1794 1219 1816 a
1250 1783 1319 1816 sec.
1348 1795 1468 1818 manu.

130 1836 337 1885 ascriptum
357 1835 424 1871 'vel
451 1834 624 1870 ridemus.
796 1834 1017 1884 respicimus.
1060 1835 1189 1872 Guelf.
1215 1835 1437 1885 inspicimus.

214 1892 399 1926 continuo.
451 1890 514 1926 Sic
535 1890 667 1926 Turic.
691 1889 820 1926 Guelf.
842 1891 973 1939 Camp.
997 1904 1085 1927 cum
1107 1893 1131 1931 J
1134 1893 1207 1927 ens.
1228 1894 1317 1938 (tac.
1335 1893 1465 1940 Gesn.)

132 1958 170 1983 et
193 1946 279 1982 edd.
303 1957 390 1982 aute
416 1947 552 1982 Burm.
591 1958 672 1982 exc.
696 1947 791 1981 Loc.
815 1946 910 1982 Ven.
935 1947 1045 1984 Rure.
1077 1947 1147 1997 qui
1184 1960 1273 1984 cum
1301 1947 1468 1998 reliquis

130 2003 179 2038 ad
208 2003 326 2050 Regii
347 2011 517 2038 mentem
547 2002 730 2036 continue.
771 2001 863 2038 vide
892 2012 973 2038 not.
1003 2003 1051 2039 ad
1081 2015 1118 2046 2,
1148 2015 1213 2045 20,
1244 2013 1283 2049 5.
1342 2004 1464 2042 Goth.

130 2060 230 2107 (tac.
253 2058 392 2105 Gesn.)
423 2059 614 2094 continuos
645 2070 734 2093 cum
758 2056 870 2094 colb.
893 2058 999 2098 Voss'.
1017 2070 1054 2097 2.
1087 2059 1187 2101 Vall.

189 2216 253 2241 ιι.
297 2205 336 2240 in
368 2202 484 2253 sensu
511 2219 568 2232 ·—-
598 2204 768 2239 mutatio.
826 2203 869 2239 in
891 2214 953 2244 us,
981 2205 1150 2242 monebo
1179 2205 1311 2242 minus
1343 2215 1464 2243 atten-

126 2259 234 2296 Rine
249 2298 252 2300 ,
266 2260 481 2309 expreffum
510 2257 770 2295 Ruhnkenius
827 2270 906 2299 tos,
936 2261 1113 2310 corporis
1135 2261 1298 2298 humani
1318 2276 1337 2298 a
1355 2274 1463 2299 recto

127 2315 299 2364 agnoscit
326 2313 527 2352 Rufiniani
565 2314 699 2352 locum
727 2328 767 2365 p.
825 2315 921 2350 statu
937 2314 1078 2352 deflexi
1095 2319 1240 2366 pofitus
1262 2318 1466 2367 defignari.

130 2371 224 2415 264.
823 2370 1002 2408 Debebat
1023 2373 1148 2409 civem
1173 2375 1283 2410 suum
1307 2374 1463 2422 Gedoy-

822 2440 920 2462 num
978 2428 1083 2478 sequi
1141 2431 1267 2466 bonus
1327 2430 1463 2466 rhetor

176 2479 646 2533 [lemnos—respicimus.
665 2485 766 2521 Cum
825 2483 987 2533 Cappa.
1043 2485 1107 2521 Est
1149 2497 1277 2522 autem
1309 2485 1462 2533 elegans

128 2536 283 2575 videam
305 2539 503 2588 insigniter
525 2540 766 2576 hallucinan·
821 2540 944 2575 nostri
971 2540 1014 2576 in
1044 2541 1234 2579 brevitate
1263 2541 1342 2591 ipsa
1380 2542 1462 2581 evi-

129 2603 208 2629 tem
230 2595 392 2642 Capper.
432 2596 501 2643 qui
528 2596 594 2631 hic
623 2595 767 2646 figuras
824 2595 963 2636 dentia,

129 2650 320 2685 orationis
369 2652 538 2699 agnoscit
591 2662 630 2688 et
679 2653 766 2701 qui-

130 2705 219 2741 dem
258 2705 522 2751 o‘faomvihurov
568 2708 680 2745 fimul
731 2719 768 2744 et
878 2709 1078 2746 variandas
1089 2708 1254 2759 figuras.
1292 2709 1338 2746 cf.
1359 2715 1396 2754 4,
1421 2719 1460 2752 2,

128 2760 372 2807 δμοιόπτωτον
383 2761 633 2800 defluentium
646 2765 767 2801 trium
829 2778 847 2800 1
860 2771 923 2810 ¹8·
