1702 3022
206 233 321 280 εοε-
448 260 453 265 .
525 224 603 273 Μ.
635 225 771 272 ΕΑΒ.
801 219 1229 289 omnm-unm
1332 225 1342 265 ε

206 366 468 400 armorum
498 353 740 401 tuorum?
815 352 1136 418 Duplicatur
1162 344 1378 403 iuterim
1400 344 1539 404 >haec

206 428 380 478 'virtus
416 427 560 494 apud.
597 429 909 495 Virgilium,

280 556 285 558 -
309 575 311 577 ,
341 561 408 572 -
440 555 510 572 —-
546 542 799 595 ferrumque
832 553 1000 582 armare
1030 555 1203 594 veneno.

207 640 349 689 Nam
389 651 441 688 et
477 656 672 690 veneno
712 656 944 699 armare,
983 650 1035 703 ‚et
1061 636 1280 711 ferrum
1315 635 1545 700 ‘'armare,

151 738 199 774 15
213 712 481 767 translatio
511 714 596 765 est.
681 718 933 768 Secantur
957 717 1084 766 haec
1102 718 1161 767 in
1182 718 1389 784 plures:
1428 711 1491 767 ut
1517 736 1547 767 a

208 794 452 844 rationali
473 793 539 841 ad
559 794 840 852 rationale,
859 780 867 792 ⁹
885 804 937 843 et
963 793 1110 843 idem
1132 793 1198 842 de
1227 794 1547 844 irrationali-

208 871 339 919 bus:
393 880 443 918 et
477 870 606 919 haec
643 872 907 929 invicem,
953 864 1159 936 ‘quibus
1191 869 1372 920 fimilis
1410 871 1546 921 ratio

210 945 312 1005 est,
353 957 404 995 et
435 963 465 995 a
496 956 637 1006 toto,
684 957 735 996 et
769 965 795 996 a
831 948 1081 1014 partibus.
1161 947 1264 997 Sed
1295 951 1399 1010 jam
1434 965 1637 1005 11011754

209 1024 390 1094 pueris
417 1025 786 1090 praecipimus,
826 1035 906 1083 ut,
945 1035 1154 1091 accepto
1190 1040 1398 1090 genere,
1434 1023 1548 1090 spe-

149 1119 198 1158 14
213 1101 318 1151 cies
349 1100 646 1166 intelligere
669 1118 781 1150 non
812 1099 1012 1168 poffint.
1091 1103 1164 1150 Ut
1188 1100 1435 1150 modicus
1459 1117 1567 1158 au-¹

210 1174 316 1225 tem
337 1187 496 1242 atque
525 1189 863 1244 opportunus
887 1182 1000 1240 ejus
1028 1175 1153 1228 usus
1182 1175 1407 1226 illustrat
1433 1194 1550 1226 ora-

210 1248 445 1303 tionem:
499 1254 571 1302 ita
603 1252 869 1319 frequens
887 1266 939 1303 et
969 1253 1236 1312 obscurat,
1290 1263 1342 1302 et
1375 1253 1549 1302 taedio

302 1416 365 1441 12-

408 1418 559 1441 veneno.
622 1405 723 1442 Nam
765 1415 802 1442 ec
848 1420 990 1443 veneno
1031 1419 1187 1443 armare.

1256 1405 1390 1445 Turio.
1443 1404 1548 1442 Flor-

210 1460 260 1509 (ἃ
278 1473 337 1508 pr.
356 1458 503 1506 manu)
528 1461 718 1496 omittunt
742 1475 831 1498 cum
853 1462 957 1498 Alm.

303 1524 365 1558 15.
396 1524 432 1550 et
450 1514 550 1550 haec.
600 1515 733 1551 Turio.
754 1518 859 1553 Flor.
882 1517 1010 1553 Guelf.
1037 1518 1171 1565 Camp.
1193 1517 1382 1552 omittunt
1403 1524 1439 1550 et:
1461 1528 1551 1550 cum

212 1571 316 1608 Alm.

487 1566 558 1617 efi,
588 1578 624 1605 ec
646 1586 680 1606 a.
732 1573 830 1610 Jens.
855 1575 941 1615 (tac.
965 1572 1093 1616 Gesn.)
1126 1572 1275 1607 omittit
1297 1579 1333 1606 et
1355 1584 1444 1607 cum
1465 1570 1553 1608 edd.

212 1625 494 1677 posterioribus
520 1636 607 1661 ante
629 1625 719 1662 Ald.
749 1640 828 1676 quo
849 1641 928 1664 acc.
949 1627 1042 1663 Bad.
1062 1640 1122 1676 pr.
1163 1626 1303 1664 Placet.
1368 1674 1382 1677 -

277 1761 340 1786 12.
374 1751 490 1786 virtus
511 1750 623 1798 apud.
669 1752 729 1787 An
754 1752 857 1787 exci-

217 1804 276 1842 dit
306 1814 366 1846 ut,
408 1805 584 1840 haustum
614 1806 660 1842 ab
687 1818 858 1843 extrema

215 1875 314 1899 voce
343 1859 509 1910 priore?

241 2003 252 2015 ,,
279 1981 344 2017 13.
380 1974 556 2009 Secuntur
584 1973 672 2009 haec
709 1975 747 2008 in
774 1974 857 2022 plu-

217 2043 284 2065 res.
333 2030 438 2064 Haec
478 2042 568 2064 cum
607 2031 651 2064 fit
688 2030 858 2065 constan-

218 2084 354 2121 tiffima
395 2085 602 2133 scriptura,
642 2098 723 2121 non
762 2087 857 2121 adeo

218 2140 371 2188 facilem
429 2140 546 2176 habet
609 2141 856 2190 explicatum.

218 2197 415 2237 Neutrum
447 2197 550 2231 enim
589 2197 857 2246 accipiendum

221 2252 295 2287 erit
315 2252 380 2292 ita,
405 2262 448 2287 ut
468 2254 597 2288 onmia
617 2267 657 2288 ea
678 2267 774 2302 quae
796 2255 859 2290 ad-

220 2307 299 2342 huc
314 2309 487 2357 'exposita
508 2307 653 2354 fuerint
675 2311 722 2345 de
741 2321 859 2346 meta-

219 2362 366 2412 phora,
419 2361 485 2399 vel
533 2366 747 2414 praeceptis
794 2366 861 2409 vel

222 2418 432 2467 exemplis,
483 2422 860 2468 comprehendantur

220 2474 476 2523 pronomine,
506 2475 552 2510 ad
579 2477 702 2523 plures
730 2489 858 2514 autem

222 2529 464 2579 intelligetur
512 2542 578 2566 aut
616 2541 745 2581 tropos
794 2528 888 2569 aut*

223 2587 457 2635 metaphoras
474 2586 607 2635 (quod
628 2589 758 2625 minus
777 2588 858 2638 pla-

222 2643 309 2686 cet)
331 2654 415 2683 aut,
448 2642 551 2691 quod
575 2645 735 2691 apponit
761 2646 857 2681 Dan.

223 2697 298 2740 (cf.
322 2697 357 2738 6,
380 2707 417 2742 5,
443 2698 536 2743 66.)
551 2698 703 2747 species.
742 2700 858 2736 Blan-

220 2751 327 2788 ditur
341 2753 581 2804 aliquatenus
604 2755 709 2803 quod
731 2765 858 2792 tamen

265 2922 284 2931 υ

915 1764 990 1786 una
1021 1749 1084 1785 dat
1115 1750 1248 1786 Turic.
1277 1750 1435 1789 secunda
1473 1764 1554 1786 ma-

915 1820 988 1842 nus
1003 1804 1160 1855 secatur.
1221 1806 1294 1842 Sed
1322 1819 1461 1855 parum
1492 1807 1553 1843 vi-

915 1862 1027 1897 detui·
1048 1863 1199 1897 sanum:
1238 1863 1453 1911 metaphora
1483 1867 1554 1907 (ea

915 1919 1019 1954 enim
1042 1928 1122 1952 tum
1141 1919 1262 1954 fuerit
1281 1919 1393 1963 haec)
1407 1917 1556 1967 secatur

914 1976 953 2009 in
984 1975 1108 2023 plures
1136 1967 1370 2023 metaphoras
1399 1979 1554 2023 (neque

915 2031 1018 2066 enim
1068 2032 1115 2064 fic
1174 2030 1283 2065 aliud
1340 2030 1563 2078 quidquam·

913 2086 1035 2136 potest
1067 2085 1280 2134 intelligi).
1345 2080 1478 2121 Plures
1510 2085 1555 2124 hi

890 2150 893 2154 ’
916 2142 1021 2190 tropi
1048 2142 1117 2189 qui
1146 2141 1406 2189 subjiciuntur
1434 2151 1554 2177 meta-

913 2198 1059 2248 phorae
1092 2198 1139 2232 111
1177 2196 1425 2245 diligentiore
1465 2198 1552 2245 qui-

916 2255 1003 2289 dem
1033 2253 1182 2288 ratione
1222 2251 1365 2289 habent
1392 2253 1553 2301 propria

914 2310 1096 2350 nomina,
1131 2317 1211 2357 q'uo
1244 2308 1414 2356 pertinet
1445 2308 1553 2356 quod

913 2375 1120 2414 praeeunte
1160 2364 1320 2412 Capper.
1353 2377 1400 2399 ex
1428 2364 1554 2403 Voffii

914 2421 1033 2457 Instit.
1050 2419 1156 2455 Orat.
1178 2419 1246 2454 lib.
1269 2420 1305 2455 6.
1326 2434 1365 2469 p.
1380 2427 1444 2465 84.
1467 2433 1552 2455 mo-

915 2487 980 2512 net
1011 2476 1218 2516 Gesnerus,
1258 2487 1408 2512 veteres
1450 2477 1553 2512 inter

915 2532 1064 2580 hosque
1125 2531 1251 2579 ipsum
1307 2532 1555 2568 Aristotelem

913 2586 1180 2635 synecdochen
1219 2588 1551 2636 comprehendiss'e

913 2643 1160 2692 metaphorae
1204 2643 1412 2680 vocabulo.
1468 2643 1548 2679 vid.

912 2698 1066 2734 Aristot.
1090 2701 1197 2736 Poet.
1231 2711 1263 2735 c.
1285 2710 1350 2736 22.
1383 2703 1416 2747 ᾖ.
1442 2698 1477 2734 6.
1509 2712 1547 2748 p.

911 2752 1029 2791 Buhl.
1053 2762 1157 2799 253.⁴
1183 2772 1187 2773 ⁷
