1702 3022
251 205 272 227 ³
344 188 1005 274 1NsT2-0RAOEOE1m.
1042 211 1171 267 vn..
1214 220 1262 271 4·
1378 223 1473 270 ³27

147 345 249 404 id,
267 338 658 412 quod.=ffi:tum
685 336 789 403 estf
833 347 925 389 aut
954 348 1173 404 propter
1204 337 1479 404 id,1q·uod

148 422 324 474 adhuc
359 409 635 477 fieri'ivel
669 433 782 467 non
811 413 928 464 fieri
959 413 1153 481 potest,
1188 414 1479 473 instituun-

138 510 249 553 tur.
326 501 392 547 Et
412 506 558 545 actor
588 496 646 543 in
666 511 758 552 eo,
796 491 944 558 quod
973 490 1172 562 factum
1206 490 1310 550 est,
1346 492 1478 540 libe·
1491 508 1546 544 50

146 589 271 629 rum
306 573 466 623 habet
496 573 787 637 impetum,
834 568 901 619 fic
936 579 1135 628 tamen,
1184 579 1246 619 ut
1275 568 1479 619 factum

147 642 376 708 accusem
432 648 596 715 ipfius
634 649 820 713 patris,
875 656 1125 712 tanquam
1167 645 1477 696 valetudine

22 765 34 779 1
54 725 300 792 6521apfi,
349 725 705 783 misereatur}
735 725 794 772 in
825 718 891 773 eo
922 740 1082 782 vero,
1131 727 1281 784 cujus
1311 724 1480 772 libera

145 803 370 852 mutatio
392 802 464 851 est
479 840 494 860 ‚
521 802 619 851 diu
643 810 793 866 roget
814 811 866 848 et
884 793 1118 857 suadeat,
1139 810 1191 848 et
1209 799 1479 850 noviffime

147 879 465 929 dementiam
490 879 684 927 rationi
707 887 962 940 queratur
983 874 1211 934 obstare,
1230 894 1345 926 nou
1364 868 1483 926 mo-

146 973 253 1006 res:
294 971 429 1020 quos
454 943 656 1019 quanto
673 953 840 1016 magis
859 955 917 1000 in
938 954 1279 1017 praeteritum
1300 952 1484 1002 lauda-

145 1033 310 1090 verit,
346 1041 493 1079 tanto
513 1028 722 1078 facilius
743 1028 988 1093 probabit
1008 1030 1198 1078 morbo
1228 1027 1326 1078 effe
1360 1046 1483 1078 mu-

147 1119 294 1157 tatos.
371 1109 544 1163 Reus,
576 1105 806 1170 <quoties
844 1103 992 1154 causa
1023 1106 1284 1170 patietur,
1323 1105 1547 1163 debe-52

147 1181 352 1247 bitdeffe
399 1184 459 1232 in
494 1180 800 1230 defenfione
826 1181 1156 1239 moderatus,
1207 1183 1334 1246 quia
1367 1179 1482 1231 fere

147 1263 226 1311 ira
269 1270 325 1308 et
360 1260 641 1308 concitatio
675 1256 849 1307 furori
882 1255 1003 1307 sunt
1029 1255 1226 1307 similia.
1295 1260 1484 1308 Omni-

147 1338 249 1387 bus
281 1336 364 1393 his
398 1351 682 1386 commune
709 1333 809 1392 est,
843 1334 994 1398 quod
1022 1335 1101 1383 rei
1132 1353 1245 1386 non
1278 1334 1485 1402 semper

150 1412 454 1462 defensione
494 1411 644 1469 facti,
702 1409 794 1459 sed.
837 1403 1170 1460 excu‘fatione
1215 1428 1271 1460 ac
1326 1414 1486 1462 venia

81 1530 88 1538 ,
148 1490 458 1556 frequenter
481 1498 721 1538 utuntur.
800 1487 887 1537 Est
909 1490 1052 1536 enim
1073 1487 1358 1538 domestica
1380 1489 1488 1540 djs-

151 1567 374 1633 ceptatio
392 1603 407 1624 ‚
444 1567 503 1615 in
528 1583 634 1631 qua
651 1574 704 1614 et
723 1562 882 1614 semel
906 1562 1155 1630 peccaffe,
1194 1576 1246 1614 et
1274 1583 1370 1632 per
1404 1583 1487 1615 er-

149 1661 352 1701 rorem,
405 1652 458 1691 et
490 1643 691 1701 levius,
736 1658 898 1705 quam
934 1642 1242 1703 objiciatur,
1279 1642 1488 1694 absolu-

149 1721 288 1774 tioni
306 1736 699 1784 nonnunquam
726 1716 929 1767 sufficit.
1007 1718 1109 1768 Sed
1144 1720 1245 1767 alia
1267 1737 1485 1785 quoque
1499 1737 1551 1772 52

148 1798 318 1847 multa
358 1794 834 1846 controversiarum
867 1812 1058 1860 genera
1088 1796 1147 1843 in
1164 1795 1488 1860 'qualitatem

151 1872 362 1922 cadunt.
443 1871 761 1935 Injuriaru‘m
777 1889 793 1918 :
844 1887 1150 1936 quanquam
1191 1873 1335 1919 enim
1366 1889 1488 1925 reus

233 2035 304 2070 50.
348 2020 503 2072 obstare.
561 2023 694 2059 Turio.
725 2021 852 2060 Guelf.
886 2021 1086 2060 omittunt.

238 2091 306 2126 51.
351 2083 407 2116 ira
432 2089 469 2117 et
494 2083 624 2117 concie.
685 2080 747 2116 Sic
770 2081 904 2116 Turio.
935 2079 1063 2116 Guelf.
1093 2081 1224 2130 Camp.
1257 2093 1345 2117 cum
1368 2079 1486 2118 Goth.

151 2137 259 2179 Voss'.
283 2148 320 2173 2.
347 2136 450 2173 Alm.
484 2148 525 2173 et:
549 2136 635 2172 edd.
666 2147 751 2173 ante
769 2136 878 2173 Bafil.
911 2135 1272 2185 Reliqui'infernnt
1300 2140 1487 2174 contentio

152 2194 238 2244 post
268 2196 334 2229 ira.
390 2194 606 2230 Novitium
635 2192 740 2229 illud
770 2202 807 2228 et
833 2194 1080 2242 praemiffum
1109 2194 1249 2234 tertio,
1292 2204 1336 2229 ut
1365 2194 1487 2230 modo

154 2254 189 2299 ς.
219 2260 284 2294 27.
315 2250 430 2286 adult.
461 2251 527 2287 alt.
554 2251 625 2286 vel.
679 2250 726 2285 ef.
755 2249 873 2300 praef.
902 2250 1017 2287 nostr.
1044 2263 1083 2299 p.
1105 2251 1288 2286 LXXIX.

3 2298 18 2314 ’
86 2305 92 2307 ”
170 2316 172 2318 ’
238 2305 476 2356 absolutioni.
534 2307 667 2343 Turie.
698 2306 798 2355 (qui
821 2317 858 2342 et
882 2305 1051 2357 defenfio
1080 2306 1200 2342 modo
1222 2319 1240 2341 a
1259 2319 1317 2355 pr.
1338 2303 1488 2356 manu)

153 2362 282 2400 Guelf.
304 2364 437 2413 Camp.
450 2362 633 2413 absolutio
659 2377 748 2399 cum
771 2362 856 2400 edd.
877 2363 1092 2402 ante'Rusc.
1126 2363 1309 2400 Correxit
1327 2362 1488 2411 Reginc-

155 2488 208 2524 τίκ
232 2488 328 2525 haec
357 2489 419 2524 sua
437 2488 538 2525 Nam
568 2498 606 2524 et
626 2488 726 2524 Nam
758 2496 794 2524 et
848 2487 1229 2525 vertitrnurmannus
1252 2497 1308 2528 et,
1338 2496 1491 2536 praeter

157 2547 192 2591 ᾖ.
232 2559 295 2593 ¹9·
327 2554 391 2581 20.
423 2555 486 2589 25.
526 2551 589 2590 24.
624 2545 696 2581 bis.
730 2552 793 2589 25.
852 2544 1050 2586 aliorum,
1095 2544 1217 2580 nostri
1262 2542 1356 2578 haec
1404 2541 1491 2579 loca

157 2599 230 2636 bis.
256 2612 319 2648 29.
379 2600 427 2638 cf.
450 2611 496 2645 7,
528 2613 576 2643 2,
609 2609 673 2645 55.
850 2601 963 2651 ponit
985 2601 1031 2642 6,
1056 2613 1102 2642 2,
1131 2613 1194 2635 ιι.
1236 2613 1309 2639 11,
1345 2609 1391 2641 2,
1423 2599 1490 2642 36.

214 2665 282 2700 31.
309 2660 364 2692 ira
377 2665 413 2692 et
425 2659 621 2694 concitatio
634 2657 795 2709 —fimi··
850 2657 942 2693 vide
981 2656 1179 2693 Drakenb.
1215 2654 1262 2690 ad
1291 2654 1382 2690 Liv.
1423 2663 1489 2698 32,

157 2712 222 2747 lia.
252 2713 478 2760 subjectum
490 2724 673 2749 neutrum
687 2728 795 2763 prae·
852 2722 923 2761 29,
957 2721 994 2757 5.
1051 2715 1098 2749 In
1129 2710 1349 2747 masculinis
1372 2711 1490 2746 idem.

157 2769 382 2806 cedentibus
404 2770 604 2807 femininis
624 2770 795 2807 animad·
850 2770 942 2806 vide
963 2771 1094 2805 Burm.
1129 2768 1175 2803 ad
1197 2766 1308 2803 Decl.
1333 2780 1370 2815 p.
1397 2772 1488 2810 440.
