1702 3022
212 181 311 216 220
529 168 604 216 M.
631 169 771 218 ΕΑΒ.
805 170 1257 262 ριιιΝΤιιιΑΝι
1284 214 1293 222 ,,

209 294 366 345 calia:
412 304 508 353 et,
537 311 645 360 quo
673 295 795 362 plus
829 292 1089 360 quodque
1107 246 1330 361 spiritus
1355 296 1528 359 habet,

209 371 397 423 auditu
413 371 705 437 pulchrius.
759 376 840 430 Et,
876 370 1025 435 quod.
1050 368 1184 419 facit
1195 364 1527 436 syllabarum,

205 447 362 498 idem
369 447 658 498 verborum
678 465 892 514 quoque
912 449 1050 496 inter
1072 446 1123 495 se
1149 446 1431 514 copulatio,
1466 461 1528 500 ut

143 541 193 578 17
206 523 366 575 ahud
398 526 489 573 alii
528 528 771 587 junctum
814 525 1006 575 melius
1034 522 1194 574 sonet.
1270 512 1573 576 Diversus,

202 612 379 651 tamen
425 600 564 652 usus.
637 603 779 652 Nam
830 601 985 659 rebus
1043 601 1307 651 atrocibus
1366 601 1528 651 verba

200 678 359 728 etiam
391 676 504 742 ipso
549 678 736 728 auditu
775 676 948 743 aspera
969 679 1150 743 'magis
1193 679 1525 728 convenient.

200 756 264 804 In
311 750 623 802 universum
675 754 893 814 quidem
952 755 1151 820 optima
1209 752 1525 820 fimplieium
1537 756 1618 815 684

151 863 153 866 -
202 828 517 885 creduntur,
557 842 690 890 quae
716 836 806 875 aut
834 832 1057 879 maxime
1085 832 1400 888 exclamant,
1437 841 1527 879 aut

199 904 331 955 sono
364 903 486 954 suut
511 901 884 970 iucundissima.
962 905 1027 951 Et
1058 906 1274 952 honesta
1308 907 1527 968 quidem

198 981 443 1047 turpibus
492 980 700 1045 potiora
739 977 966 1044 semper,
1005 994 1128 1036 ‘nec'
1152 977 1379 1029 sordidis
1422 998 1526 1030 un-

136 1073 186 1112 ιε
200 1075 361 1124 quam
393 1058 451 1106 in
490 1057 725 1105 oratione
766 1052 971 1118 erudita
1007 1055 1170 1104 locus.
1250 1057 1400 1106 Clara
1431 1058 1523 1106 illa

197 1145 350 1201 atque
402 1132 646 1182 sublimia
693 1133 1011 1197 plerumque
1061 1132 1305 1181 materiae
1355 1133 1522 1184 modo

277 1269 455 1319 quodque.
508 1269 639 1304 Turio.
669 1267 772 1304 Flor.
803 1266 888 1312 <sed
911 1267 977 1302 hio
1005 1282 1024 1302 a
1055 1281 1113 1315 pr.
1136 1281 1263 1312 manu*
1281 1270 1519 1319 quanquam)

193 1325 322 1363 Guelf.
360 1326 491 1373 Camp.
522 1337 675 1374 quoque.
737 1322 896 1371 Reliqui
932 1337 1104 1372 quaeque.
1163 1325 1348 1360 Nostrum
1378 1338 1396 1360 e
1427 1337 1519 1360 con-

189 1382 350 1429 iectura.
520 1380 715 1429 pulchrius.
766 1379 828 1414 Sic
850 1379 1104 1430 Tu1·ic.I·lor.
1128 1378 1254 1416 Guelf.
1277 1382 1408 1428 Camp.
1430 1393 1519 1427 eum

193 1437 312 1473 Goth.
333 1436 443 1473 Voff.
463 1447 497 1472 2.
518 1434 619 1470 Alm.
640 1434 743 1475 Vall.
768 1446 805 1471 et
827 1435 912 1470 edd.
933 1432 1017 1471 ante
1038 1435 1125 1471 Ald.
1154 1435 1315 1500 Reliqui
1335 1437 1521 1486 pulchrior

192 1493 410 1541 corrigente
437 1491 574 1539 Regio.

283 1559 345 1592 17-
384 1548 467 1583 D1v
500 1556 632 1583 tamen.
690 1547 751 1582 Sic
775 1547 906 1582 Tmic.
932 1547 1059 1596 (apr.
1079 1549 1237 1593 manu).
1279 1547 1470 1596 Reliqui
1459 1561 1519 1582 m-

191 1605 322 1641 l'erunt
344 1600 406 1652 est.
444 1602 554 1638 Flor.
574 1612 695 1638 tamen
716 1602 797 1651 usus
818 1600 876 1650 est.
1046 1604 1187 1639 auditu.
1239 1605 1369 1653 Camp.
1403 1602 1519 1640 vultu.

232 1695 235 1698 ,
278 1661 504 1695 convenient.
558 1659 620 1693 Sic
648 1659 780 1693 Turic.
820 1658 921 1694 Flor.
965 1658 1091 1695 Guelf.
1137 1666 1226 1695 cum
1257 1660 1373 1697 Goth.
1413 1659 1520 1698 Alm2

189 1717 297 1756 Voss.
321 1726 356 1751 2.
382 1726 418 1751 et
439 1715 523 1750 edd.
554 1725 637 1750 ante
660 1714 824 1751 Chouet.
866 1714 940 1749 Sed
961 1717 1092 1763 Camp.
1116 1728 1196 1751 non
1218 1716 1363 1752 notavi.
1411 1715 1517 1751 Reli-

148 1772 151 1775 ’
191 1770 265 1822 qui
292 1772 522 1807 conveniunt.
734 1770 959 1821 simplicium
990 1771 1081 1806 cred.
1109 1790 1163 1799 —-
1193 1769 1341 1820 honesta
1371 1772 1518 1822 quidem

169 1827 369 1877 'turpibus.
428 1826 560 1862 Turio.
593 1825 718 1862 Guelf.
749 1826 889 1878 simpla
927 1829 984 1862 cui
1020 1827 1114 1862 cred.
1157 1829 1302 1876 quidem
1341 1829 1517 1877 turpibus.

189 1884 295 1920 Flor.
319 1884 406 1927 (nist
429 1882 536 1931 quod
559 1882 702 1931 quidem
720 1896 793 1932 pro
813 1883 959 1933 quibus)
983 1883 1100 1919 Goth.
1127 1885 1225 1927 (err.
1238 1885 1363 1928 Gesn.)
1385 1885 1518 1936 camp.

182 1939 408 1991 simplicium
430 1939 523 1973 cred.
545 1938 673 1986 quibus
693 1939 858 1987 turpibus
879 1953 966 1974 cum
988 1939 1087 1974 Alm.
1113 1940 1186 1984 (cf.
1210 1946 1246 1979 8,
1269 1950 1305 1976 2,
1329 1943 1392 1980 24.
1422 1937 1519 1972 item

190 1996 258 2030 hic
282 1998 315 2042 ς.
337 1996 429 2039 22.)
453 1994 558 2032 Voff.
583 2005 619 2029 2.
639 1995 812 2054 Equid
802 2009 852 2028 m
875 1994 1030 2029 nullum
1050 1990 1167 2025 video
1189 1991 1361 2027 codicem
1384 1993 1517 2041 cogni—

192 2062 317 2086 torem
340 2063 496 2090 eorum,
508 2063 627 2097 ·quae
639 2041 746 2084 hinc
767 2051 910 2082 absunt.
968 2048 1166 2095 Apparent
1178 2045 1283 2081 illa
1270 2060 1313 2082 ιιι
1342 2054 1516 2083 mearum

191 2106 318 2156 prima
338 2107 435 2143 Jens.
466 2116 536 2138 nec
565 2113 690 2138 tamen
710 2102 820 2138 facile
843 2102 1047 2151 quisquam
1069 2102 1118 2137 iis
1142 2102 1297 2138 diffidat.
1419 2103 1422 2106 ⁴

283 2167 347 2204 ³8·
383 2160 539 2196 modo.‘
573 2159 705 2193 Turic-
737 2157 839 2194 Flor.
873 2157 999 2193 Guelf.
1034 2158 1165 2207 Camp.
1201 2158 1387 2194 omittunt
1425 2171 1515 2194 cum
1591 2195 1593 2197 ,

139 2222 141 2228 “
191 2216 294 2255 Alm.
318 2215 434 2250 Goth.
460 2224 497 2249 et
526 2214 609 2248 edd.
633 2225 717 2249 ante
740 2214 849 2250 Ruso.
910 2214 1014 2260 Quae
1034 2213 1167 2249 lacuna
1188 2213 1258 2249 effe
1279 2225 1455 2249 narratur
1471 2215 1515 2251 in

191 2273 299 2311 'Voff-
324 2281 362 2307 2.
394 2270 504 2306 Clara
525 2268 698 2318 —sunt‚
730 2271 811 2316 ejus
831 2269 984 2305 nullum
1005 2270 1048 2305 in
1063 2269 1180 2305 Goth.
1203 2269 1409 2318 vestigium
1438 2270 1513 2313 (cf.

194 2336 219 2374 8
242 2331 330 2364 Pro.
349 2335 414 2370 55.
446 2332 483 2369 8,
510 2325 546 2365 6,
570 2332 634 2368 28.
662 2326 860 2374 inprimis
885 2338 921 2373 9,
937 2331 973 2368 4,
1000 2326 1131 2370 107..)
1171 2325 1333 2360 Inseruit
1350 2326 1515 2362 nostram

191 2397 333 2422 vocem
358 2382 521 2431 RegiuS,
561 2381 623 2416 sed
645 2394 692 2417 ex
716 2382 969 2434 quibusdam,
998 2392 1044 2417 ut
1069 2381 1148 2430 ipse
1168 2381 1283 2422 dicit,
1314 2381 1514 2431 exemplis.

192 2443 358 2479 Recte..

252 2533 322 2586 17.
347 2541 689 2588 quae--maxime
708 2541 825 2575 excla-
881 2540 1048 2582 maxime
1095 2538 1256 2575 vocalia.
1325 2538 1517 2588 Simplicia
1587 2543 1590 2546 ”

191 2606 306 2637 mant.
337 2598 424 2633 Hoc
445 2595 488 2631 in
508 2594 693 2643 syllabis
681 2606 825 2632 iterum
883 2600 1010 2631 autem
1068 2594 1134 2630 hic
1196 2595 1377 2632 dicuntur
1420 2605 1516 2643 quae

171 2654 403 2706 'usur-,pat9
429 2655 580 2696 4,.157.
611 2652 709 2686 Sunt
739 2665 828 2687 ver-
883 2655 919 2700 §.
948 2659 1010 2696 15·
1030 2650 1219 2702 separata.

192 2709 252 2750 ba,
284 2719 328 2746 ut
346 2718 447 2745 recte
459 2707 825 2761 Capperronnerius,
958 2729 959 2733 =
1149 2711 1151 2713 ’
