1702 3022
213 192 312 240 290
537 167 1259 242 M.'FAB.QU1NT1L1AN1·2

213 306 373 355 ullam
396 303 785 375 reprehendatis
864 303 966 354 Sed
986 296 1132 355 nunc
1158 307 1304 358 aliud
1327 309 1535 369 volunt,

214 394 278 431 ut
297 383 469 431 omnis
483 380 695 433 sensus
679 401 738 431 m
765 381 870 430 fine
891 379 1147 432 sermonis
1171 381 1323 433 feriat
1341 399 1534 436 aurem.

151 475 202 514 14
215 463 396 525 Turpe
431 469 606 508 autem
641 476 698 507 ac
728 474 895 524 prope
924 456 1069 526 nefas
1110 451 1343 518 ducunt,
1379 459 1540 526 respi-

214 543 330 585 rare
361 535 481 585 ullo
510 536 658 593 loco,
709 536 803 600 qui
839 535 1264 592 acclamationem
1297 553 1411 586 non
1449 553 1542 603 pe-

185 614 187 616 ’
216 613 377 666 ῐὶθιῆῒ.
433 611 563 660 Inde
593 612 790 660 minuti
815 612 1167 680 corruptique*
1185 610 1452 671 sensiculi,
1488 611 1543 662 et'·

214 700 357 737 extra
389 705 503 737 rem
537 688 702 753 petiti.
780 689 973 752 Neque
1006 685 1396 755 enim'possunt
1433 699 1541 738 tam

214 766 412 813 multae
445 765 615 814 bonae
648 762 929 813 sententiae
963 762 1086 823 effe,
1143 781 1304 830 quam
1345 763 1543 814 necesse

154 844 203 894 1‘5
220 840 289 889 eft
333 842 529 890 multae
571 838 668 888 fint
706 839 975 890 clausulae.
1054 844 1164 895 Jam
1204 840 1336 891 haec
1349 843 1545 929 magis

215 934 359 965 nova
381 916 763 982 sententiarum,
778 934 980 984 genera.
1043 918 1135 969 Ex
1143 899 1446 983 inopinato.-
1483 927 1545 967 ut

219 994 351 1042 dixit
373 994 560 1043 Vibius
590 990 806 1060 Crispus
836 996 895 1042 in
917 1010 1067 1052 eum,
1107 995 1227 1059 qui,
1267 1006 1389 1042 cum
1414 996 1545 1052 lmi-

219 1081 362 1119 catus
384 1071 443 1118 in
467 1068 609 1120 foro
619 1071 939 1128 ambularet,
976 1070 1373 1157 praetendebat,
1411 1070 1469 1118 id
1493 1069 1546 1118 se

218 1140 367 1195 metu
392 1145 576 1205 facere,
621 1147 750 1220 Quis
773 1142 951 1217 tibific
970 1150 1146 1195 timere
1167 1133 1441 1217 permzstt?
1481 1149 1559 1196 Et.

218 1221 488 1287 insigniter
511 1221 787 1272 Africanus
821 1223 964 1289 apud
990 1225 1264 1272 Neronem
1287 1223 1352 1271 de
1374 1233 1547 1272 morte

186 1410 190 1412 ,
307 1375 422 1410 aliud.
474 1374 536 1409 Sic
561 1374 693 1409 Turio.
722 1367 827 1409 Flor.
856 1372 983 1409 Guelf.
1015 1366 1153 1422 Campss
1171 1373 1290 1410 Goth.
1321 1374 1418 1413 Jens.
1452 1377 1548 1419 (tac.

224 1430 361 1473 Gesn.)
397 1443 484 1465 cum
517 1428 619 1465 Al-m.
651 1429 752 1467 Voss'.
776 1440 814 1467 2.
845 1440 882 1465 et
902 1429 988 1465 edd.
1009 1424 1094 1465 ante
1115 1429 1203 1464 Ald.
1243 1442 1322 1478 quo
1340 1434 1426 1467 ‘acc.
1451 1430 1548 1467 Obr.

221 1484 383 1532 Reliqui
410 1486 504 1519 illud
526 1485 762 1530 coniectante
782 1485 920 1533 Regio.
1092 1493 1132 1519 ut
1154 1488 1274 1520 omnis
1298 1485 1437 1534 sensus.
1487 1486 1551 1521 Sic

224 1541 357 1577 Turio.
378 1539 480 1575 Flor.
504 1540 587 1584 (hic
602 1551 691 1586 apr.
705 1541 841 1586 manu)
862 1539 989 1575 Guelf.
1012 1554 1101 1575 cum
1123 1540 1241 1576 Goth.
1267 1541 1368 1576 Alm.
1394 1543 1497 1578 Voss'.
1513 1552 1550 1578 2.

224 1595 384 1642 Reliqui
420 1595 504 1643 post
547 1605 587 1629 ut
624 1593 796 1629 inserunt
833 1595 954 1629 omnis
991 1595 1101 1632 locus.
1169 1596 1273 1635 Voss'-
1313 1609 1346 1632 1.
1384 1595 1553 1632 viciffim

227 1651 394 1690 omittit,
423 1661 467 1685 ut
487 1650 630 1689 fertur,
661 1652 780 1685 omnis
793 1648 932 1698 sensus.
1489 1665 1494 1667 “

314 1712 376 1750 14·-
418 1706 494 1741 ullo
526 1706 621 1742 loco.
681 1706 813 1741 Turic.
858 1705 923 1741 illo
956 1706 981 1740 l.
1014 1719 1103 1741 cum
1130 1705 1232 1742 Alm.
1282 1720 1362 1742 non
1397 1708 1552 1756 prorsus

225 1762 337 1798 male.
480 1763 721 1811 corruptique.
766 1761 898 1796 Turic-
923 1764 1105 1808 corrupti,
1137 1775 1156 1796 a
1178 1763 1243 1797 sec.
1265 1776 1383 1797 manu
1411 1771 1447 1798 et
1475 1776 1553 1797 cor·

226 1820 326 1866 rupti
357 1828 394 1853 et
414 1819 461 1853 fic
483 1819 615 1866 Camp.
837 1816 964 1852 bonae.
1018 1817 1217 1855 Omittunt
1244 1817 1370 1854 Guelf.
1396 1829 1433 1853 et
1455 1818 1551 1854 Obr.

228 1876 328 1911 Mox
346 1875 478 1922 Camp.
505 1875 608 1908 inter
627 1869 676 1920 est
698 1883 735 1907 et
753 1872 889 1908 multae
908 1873 1042 1908 inserit
1063 1882 1114 1909 ut.

313 1937 382 1973 -15,
416 1930 555 1966 Vibius.
609 1929 741 1964 Turio.
772 1927 876 1967 Flor.
909 1928 1038 1972 bibius.
1065 1926 1143 1977 (cf.
1167 1927 1205 1971 6,
1228 1937 1265 1973 5,
1289 1929 1381 1975 75.)
1423 1929 1555 1978 Camp.

236 1985 377 2022 Urbius.

258 2125 266 2131 ,
291 2110 308 2131 1
319 2103 353 2140 5.
389 2095 517 2132 Vibius
553 2095 709 2146 Crispus.
753 2095 799 2132 cf.
826 2102 863 2140 5,
919 2106 1178 2133 memoratum
1209 2092 1508 2138 Annal.1'5,1
1518 2107 1556 2142 9.

234 2151 1187 2197 ¹5‚48-14,46.1mc
1224 2151 1342 2186 trahit
1367 2151 1556 2185 Bur-man

238 2216 240 2220 ·
285 2206 503 2254 Africanus.
512 2208 605 2243 Non
621 2208 757 2243 dubito
770 2209 867 2256 quin
922 2221 1019 2250 nus,
1062 2209 1152 2256 quia
1182 2206 1390 2256 posteiiore
1430 2206 1558 2242 Taciti

229 2262 297 2297 hic
326 2264 369 2297 fit
398 2263 527 2300 Julius
550 2263 753 2310 Africanus
785 2275 867 2299 01·a-·

232 2322 295 2353 t'or
329 2317 404 2363 (cf.
427 2330 488 2358 10,
513 2325 665 2363 1,118.
713 2330 773 2358 12,
803 2331 865 2360 10,

237 2385 301 2409 10.
327 2387 392 2414 11.
420 2372 515 2408 item
545 2375 665 2409 Tacit.
686 2374 791 2410 Dial.
821 2374 867 2409 de

234 2439 345 2464 oratt.
370 2432 408 2464 'c.
434 2422 547 2473 15.),
599 2442 712 2476 quem
742 2430 867 2465 Nero-

231 2485 341 2526 niani
365 2484 450 2520 aevi
471 2484 700 2520 demonstrat
720 2486 867 2521 dictum

216 2538 280 2574 «de
305 2551 350 2575 eo
372 2539 497 2588 Crispi
519 2539 679 2574 P'affieni
704 2537 868 2576 {elatum

231 2594 362 2630 Plinio
395 2595 543 2630 minori
563 2604 600 2639 7,
631 2596 668 2636 6,
696 2610 759 2631 11.
792 2596 867 2641 (cf.

231 2650 346 2701 nosuf.
369 2650 405 2691 6,
431 2663 467 2692 1,
491 2648 584 2699 5ο.)
626 2651 741 2698 Quod
760 2652 870 2687 enim

148 2715 158 2723 ’·
232 2703 410 2742 Sextium
435 2706 662 2742 Africanum
692 2720 710 2741 a
733 2707 868 2743 Tacito

922 2262 1012 2299 loco
1034 2262 1247 2299 Galliarum
1268 2261 1420 2295 censum
1442 2262 1558 2309 egisse
1595 2279 1598 2284 ¹

924 2318 1096 2359 dicatur,
1129 2316 1256 2353 levius
1278 2316 1457 2357 videtur,
1487 2328 1560 2352 nec
1618 2321 1632 2327 '

922 2375 966 2410 in
999 2387 1113 2422 opere
1142 2374 1208 2408 suo
1239 2373 1336 2419 Qu.,
1382 2373 1409 2406 fi
1437 2372 1559 2408 alium

924 2430 970 2465 ab
1006 2439 1155 2464 oratore
1193 2427 1429 2475 designasset,
1474 2430 1559 2464 fim-

923 2484 1078 2533 pliciter
1104 2484 1158 2519 ita
1181 2495 1397 2531 cognomen
1416 2486 1560 2532 positu·

926 2554 991 2576 rus
1013 2549 1101 2574 erat.
1158 2540 1233 2573 Pro
1261 2540 1362 2587 apud
1386 2540 1475 2575 Ner.
1495 2553 1561 2575 au·

927 2605 1003 2631 tem
1032 2593 1238 2642 legendum
1268 2595 1398 2642 censeo
1432 2595 1482 2631 ad
1511 2595 1562 2631 N·

928 2650 1003 2696 (cf.
1023 2649 1220 2686 Drakenb.
1244 2649 1291 2685 ad
1319 2643 1409 2687 Liv.
1433 2658 1470 2695 5,
1497 2662 1561 2692 ιο,

927 2709 1008 2752 3.)
