1702 3022
189 191 285 249 326
422 201 438 237 ,·
496 191 572 239 Μ.
600 187 1288 255 TAB.÷QU1NT1L1AN1'‘³“

190 316 251 367 id
275 316 347 367 est
361 354 375 376 ,
413 303 740 390 trhnffimtim
778 327 912 383 quae
931 335 998 368 ex
1015 318 1119 368 alio
1131 317 1193 367 ina'
1204 318 1351 369 aliud
1370 317 1515 371 velut
1526 340 1607 382 7⁴⁸

194 391 626 466 viampraestac:
663 406 849 460 tropus
885 404 938 443 et
975 393 1279 458 rariffimus,
1327 406 1382 445 et
1410 413 1521 463 ma-

195 471 337 530 xime
364 471 714 538 imru-optim,
754 472 961 535 Graecis
976 471 1152 521 tamen
1173 469 1537 538 frequentior-5
1568 521 1569 531 ,

198 548 306 614 qui·
331 548 646 598 *Centaurum
676 547 911 596 Chirona
927 583 942 606 ,
977 557 1029 596 et
1062 550 1218 610 νήσους
1244 545 1529 610 θοοῖς-ὀξείαις
1547 557 1559 562 ‘

200 622 400 673 dicunt.
476 625 594 674 Nos
626 622 750 688 quis
776 621 932 682 ferat,
990 622 1029 671 fi
1057 626 1298 683 Verrem,
1341 621 1526 713 suem.-

133 709 184 748 58
202 711 294 749 aut
322 702 580 759 Laelium,
619 701 820 748 doctum
845 700 1226 774 nominemus?
1264 699 1356 750 Est
1381 701 1528 751 enim

199 777 327 826 haec
367 779 425 826 in
458 774 721 842 metalepsi
751 787 963 836 natura,
1004 787 1066 826 ut
1087 776 1226 826 inter
1250 775 1338 834 id,
1379 774 1531 842 quod

201 852 537 910 transfertur,
578 852 639 902 fit
666 852 876 903 medius
901 853 1119 919 quidam
1140 852 1348 922 gradus,
1388 853 1532 903 nihil

201 928 311 995 ipse
379 927 697 995 fignificans,
758 929 849 979 sed.
909 927 1163 995 praebens
1217 932 1529 980 transitum:

202 1023 366 1073 quem
399 1017 616 1073 tropum
659 1008 825 1073 magis
863 1003 1193 1065 affectamUS‚
1243 1016 1307 1058 ut
1340 1006 1536 1057 habere

290 1194 355 1229 57.
389 1186 616 1236 transumtio.
677 1187 739 1223 Sic
769 1201 844 1223 una
884 1181 997 1224 litera
1031 1185 1055 1223 S
1087 1183 1219 1223 Turio.
1252 1184 1380 1222 Guelf.
1415 1185 1554 1236 Goth.v

208 1242 340 1290 Camp.
367 1254 404 1278 et
425 1243 509 1278 edd.
534 1255 618 1279 ante
641 1244 790 1293 Gryph.
812 1257 892 1280 exc.
911 1243 1026 1279 Aldo
1225 1242 1302 1279 alio
1323 1243 1371 1277 in.
1403 1239 1536 1278 Turic.
1590 1275 1591 1278 ,

207 1296 310 1332 Flor.
337 1297 464 1334 Guelf.
495 1301 627 1348 Camp.
667 1299 784 1335 Goth.
813 1300 910 1338 Jens.
937 1298 1040 1344 (tac.
1061 1299 1173 1335 Gesn-
1184 1296 1208 1346 )
1233 1297 1407 1332 inserunt
1427 1304 1537 1344 tropo

208 1364 298 1387 cum
317 1352 418 1389 Alm.
439 1355 544 1393 Vols.
559 1366 595 1390 2.
618 1365 655 1390 et
675 1354 759 1390 edd.
783 1365 869 1389 ante
881 1354 967 1389 Ald.
1138 1353 1250 1389 viam.
1277 1351 1410 1387 Turic.
1432 1350 1537 1387 Flor.

208 1410 261 1450 (a
280 1421 337 1454 pr.
369 1421 488 1445 manu
518 1407 711 1458 uterque)
747 1411 982 1455 viatri‚cum
1013 1408 1115 1446 Alm.
1149 1420 1369 1457 quanquam
1399 1407 1442 1442 in
1461 1406 1540 1442 hoo

208 1459 343 1496 literae
363 1464 397 1497 A
416 1463 572 1509 imponi
592 1465 738 1497 dicitur
758 1476 866 1511 apex.
1091 1473 1227 1511 tropus.
1286 1463 1419 1498 Turic.
1434 1461 1540 1500 Flor.

210 1515 340 1552 Guelf.
378 1518 510 1565 Camp.
543 1516 662 1552 Goth.
697 1518 794 1555 Jens.
825 1517 923 1565 (tac.
947 1518 1086 1561 Gesn.)
1119 1518 1306 1554 omittunt
1327 1530 1414 1552 eum
1438 1516 1542 1552 Alm.

209 1571 316 1611 Vols.
353 1581 389 1607 2.
429 1582 468 1606 et
496 1571 580 1608 edd.
606 1582 690 1607 ante
712 1572 800 1607 Ald.
971 1570 1178 1621 rarffnzm.
1208 1571 1312 1607 Flor.
1349 1570 1542 1621 rarffmo.

294 1630 464 1663 maxime.
524 1628 656 1663 Turio.
681 1627 782 1663 Flor.
811 1627 938 1663 Guelf.
963 1628 1095 1677 Camp.
1119 1627 1309 1662 omittimt
1331 1640 1421 1662 cum
1437 1626 1542 1663 Alm.

212 1683 332 1720 Goth.
362 1684 467 1723 Voff.
493 1692 529 1719 2.
576 1684 674 1722 Jens.
709 1685 805 1728 (tac.
840 1683 977 1730 Gesn.)
1009 1694 1046 1719 et
1081 1683 1165 1719 edd.
1193 1693 1279 1718 ante
1301 1683 1394 1730 Bavd.
1424 1680 1544 1731 (nam

211 1739 323 1780 Ald.,
353 1752 427 1789 pro
459 1749 496 1774 ec
528 1741 708 1781 maxime,
748 1738 898 1787 etiam).

300 1797 534 1843 improprius.
589 1795 723 1831 Turic-
757 1795 886 1831 Guelf.
916 1796 1050 1844 Camp.
1085 1794 1274 1843 improbus
1304 1807 1393 1830 cum
1423 1792 1543 1830 Goth.

213 1850 317 1887 Alm.
335 1852 440 1890 Vols.
466 1860 501 1887 2.
533 1849 671 1887 Placet.
694 1850 798 1886 Flor.
831 1853 869 1886 in
889 1852 1073 1900 propriis,
1107 1850 1171 1886 sed
1201 1850 1423 1887 obscuriore
1469 1847 1545 1884 fine

214 1907 338 1943 vocis.
372 1907 457 1943 Ald.
494 1909 688 1957 improprii
709 1906 802 1956 usus.
1025 1909 1089 1956 qui
1117 1908 1349 1943 Centaurum.
1409 1905 1546 1942 Turio.

217 1962 321 1998 Flor.
346 1963 425 2006 (sed
445 1963 511 1999 hic
540 1966 620 2014 qui)
647 1978 719 2012 qua
731 1962 851 2013 scient
878 1976 1005 1997 aurum
1035 1976 1124 1998 cum
1145 1961 1262 1998 Goth.
1298 1976 1332 1998 1.
1354 1972 1391 1998 2.
1425 1961 1546 2011 Capp-

219 2029 257 2054 et
289 2019 373 2055 edd.
406 2030 492 2055 ante
515 2019 603 2055 Ald.
626 2019 695 2054 nifi
717 2019 823 2068 quod
846 2032 965 2067 quam.
997 2018 1125 2054 Guelf.
1157 2032 1230 2067 qua
1242 2017 1383 2067 scirent
1405 2029 1545 2053 aurum.

308 2075 480 2112 Chirona.
521 2076 653 2111 Turic.
695 2074 822 2111 Guelf.
862 2074 954 2121 (fed
983 2074 1050 2109 hic
1082 2075 1207 2124 quod)
1260 2076 1322 2123 qui
1350 2074 1546 2110 haroriem.

220 2130 338 2166 Goth.
361 2133 423 2180 qui
447 2133 641 2167 auroriem.
677 2131 792 2167 Goth.
825 2141 861 2166 2.
882 2131 955 2182 squi
985 2131 1168 2166 hin-oriem.
1197 2129 1302 2166 Flor.
1330 2124 1452 2176 Kapp'.
1483 2128 1549 2176 qui

194 2215 201 2219 ..
220 2187 386 2222 hicorem.
415 2188 512 2224 Jens.
535 2189 598 2237 qui
618 2188 792 2223 baronem
813 2198 902 2221 cum
923 2185 1007 2222 edd.
1038 2196 1124 2222 ante
1153 2185 1433 2229 Ald.(‘1’arv
1465 2195 1548 2219 aro-

216 2241 342 2290 nem).
485 2251 521 2277 et
542 2240 666 2287 νήσους
681 2263 731 2271 -—-
754 2242 1139 2279 dicunc.T111ic.hoc
1158 2254 1250 2277 cona
1271 2238 1423 2289 insulem
1444 2241 1549 2281 φιας-

222 2299 299 2342 ῷας,
320 2298 356 2333 d.
379 2308 416 2333 et
434 2299 482 2333 fic
506 2299 632 2335 Guelf.
656 2300 726 2334 nifi
745 2297 852 2347 quod
870 2296 1018 2347 insulae.
1038 2297 1182 2333 Eadem
1203 2297 1292 2331 dant
1318 2294 1435 2331 Goth.
1458 2292 1550 2343 (qui

222 2354 260 2388 εῖι
252 2355 420 2402 icantur)
448 2354 553 2392 Voff.
580 2364 616 2389 2.
647 2355 766 2390 Goth.
790 2364 826 2389 2.
860 2353 964 2390 F101.
997 2355 1120 2402 Kapp.
1153 2353 1346 2399 (uteique
1366 2345 1551 2399 insulem)

226 2420 264 2444 et
303 2409 386 2445 edd.
430 2419 517 2445 ante
558 2410 645 2447 Ald.
689 2411 830 2446 Graeca
870 2410 1028 2457 quidem
1066 2407 1250 2457 postremi
1282 2417 1320 2442 et
1359 2406 1483 2442 excufi
1514 2415 1553 2441 et

224 2465 359 2514 scripti
382 2462 558 2508 Φιλεθόας
577 2469 667 2511 (err.
693 2463 834 2515 Germ),
856 2467 966 2500 Unus
983 2463 1086 2500 Flor.
1109 2466 1304 2507 Φιαοθοας,
1327 2463 1369 2497 in
1383 2475 1461 2511 quo
1473 2458 1552 2496 mit-

224 2521 362 2557 nifesto
384 2519 496 2563 ὅξείας
513 2518 612 2563 ,θα-ές.
671 2523 745 2558 Sed
769 2533 897 2558 totum
917 2521 993 2556 hoc
1022 2520 1177 2556 Graecis
1197 2538 1254 2547 -
1277 2516 1403 2555 dicuin
1437 2516 1552 2553 omit-

227 2576 276 2612 tit
315 2579 446 2626 Camp.

270 2643 272 2645 “
309 2633 498 2674 Laelium.
526 2632 639 2669 Flor.
665 2630 717 2678 (a
739 2629 965 2683 pr.ma11u)
993 2633 1113 2668 elium,
1145 2632 1208 2667 Sic
1239 2630 1385 2680 cogitet
1409 2628 1552 2678 aliquis

228 2687 275 2723 de
307 2690 357 2724 L.
388 2689 496 2725 Aelio
540 2689 701 2730 Stilone,
760 2689 831 2737 qui
864 2698 1017 2737 poterat
1048 2688 1180 2725 videri
1220 2685 1305 2724 [atis
1338 2686 1552 2734 defignatus

228 2744 405 2782 doctrina
425 2745 487 2782 sua
512 2756 550 2783 et
572 2744 805 2782 eruditione.
837 2744 883 2781 cf.
914 2757 948 2786 ι,
974 2743 1010 2787 6,
1035 2743 1134 2789 56.

1685 2670 1702 2712 '1³
