1702 3022
186 170 258 262 ‘44
497 191 572 248 M.
607 175 742 248 ΕΑΒ.
784 170 1200 265 Qum-rmum

188 325 394 394 aliquid.
418 326 552 375 circa
576 336 776 392 patrem
801 330 1138 392 quaerimus?
1177 328 1379 383 dictum
1398 347 1511 384 non

121 404 283 463 5⁵·est‚
328 404 425 453 Cui
452 406 564 468 quis
593 421 691 452 non
714 399 957 476 affuerit,
995 404 1206 455 exheres
1231 410 1343 456 erik*
1398 411 1511 463 Cur

182 498 295 532 non
317 497 570 530 conamur
592 490 644 529 et
664 479 732 528 fic
753 496 1017 544 quaerere,
1038 482 1215 540 Num,
1234 487 1512 549 cuicunque

183 576 283 607 non
313 551 573 630 affuerit?
630 556 870 608 Facimus
893 558 995 607 hoc
1017 557 1167 624 saepe
1199 560 1271 608 in·
1287 561 1354 610 iis
1384 577 1511 610 con·

178 632 475 707 troverfiis,
526 633 582 681 in
633 633 831 698 quibus
879 645 1132 700 petuntur
1170 635 1231 684 in
1277 634 1511 696 vincul&

180 707 280 778 qui
308 719 546 777 parentes
577 707 700 759 suos
732 726 847 760 non
880 711 1056 770 alunt,
1103 722 1167 761 ut
1197 728 1335 771 eam,
1373 718 1510 778 quae

180 855 317 900 Gesn.)
347 853 589 903 reliquisque
623 851 709 901 edd.
740 862 827 890 ante
855 851 946 891 Ald.
1007 853 1188 891 Correxit
1223 855 1382 905 Regius.
1432 851 1511 901 8έᾷ

177 912 351 948 nostrum
381 909 498 946 Goth.
519 909 619 947 Vall.
644 911 778 959 Camp.
810 951 817 955 ,f
920 910 957 945 d.
980 923 1055 945 nou
1075 907 1137 958 est.
1176 907 1239 946 sic
1261 912 1394 948 Turio.
1417 923 1510 956 cum

177 967 280 1004 Alm'.
303 965 421 1003 Goth.
445 966 549 1003 Voss‘.
573 977 608 1001 2.
659 964 821 1014 Reliqui
842 965 878 1002 d.
900 973 985 1003 ver-'o
1008 979 1038 1002 e.
1081 959 1176 1002 Obr.
1197 967 1234 1005 d.
1254 978 1384 1016 nempe
1404 965 1465 1004 et(
1491 970 1497 996 ἰ

266 1029 329 1067 55.
372 1020 485 1073 etfic.
540 1023 594 1056 Ita
626 1021 759 1058 Turic.
789 1022 904 1058 Goth.
937 1022 1034 1059 Jens.
1077 1022 1174 1066 (tac.
1206 1022 1342 1067 Gesn.)
1374 1023 1508 1072 Camp-

177 1093 268 1119 cum
296 1077 399 1115 Alm.
430 1088 467 1114 et
493 1077 578 1113 edd.
603 1088 688 1114 aute
709 1076 796 1113 Ald.
853 1077 1014 1126 Reliqui
1042 1091 1088 1123 e.⁴
1106 1077 1173 1113 hic.
1217 1078 1349 1116 Turio.
1381 1084 1510 1115 tamen

177 1152 198 1175 a
229 1149 286 1186 pr.
317 1147 436 1170 mauu
466 1147 496 1170 e.
515 1131 564 1184 fi.
606 1127 733 1169 Guelf.
758 1132 804 1170 ab
833 1133 1092 1182 1111o=affuer1¹t
1121 1132 1169 1167 ad
1198 1132 1363 1169 alterum
1391 1131 1512 1169 habet

176 1184 375 1231 lacunam,
415 1200 461 1226 ut
492 1200 530 1225 et
551 1189 662 1227 ''Vols-
684 1200 720 1226 2.
773 1188 846 1224 Sed
875 1189 1043 1240 suspicor
1072 1202 1092 1222 a
1121 1202 1182 1223 me
1216 1188 1414 1225 turbatum
1436 1188 1511 1226 effe

177 1247 340 1297 aliquid,
364 1251 500 1294 ut'pro
522 1245 649 1286 Guelf.
669 1254 804 1281 notare
828 1244 1030 1280 debuerim
1052 1243 1168 1279 Goth.
1195 1246 1213 1290 (
1224 1244 1270 1279 cf.
1290 1247 1325 1292 §.
1351 1255 1387 1281 2.
1411 1243 1509 1279 item

101 1322 106 1324 ·
176 1300 250 1341 hac
271 1302 336 1351 §.)
394 1303 499 1337 Tum
518 1299 575 1351 fic
603 1312 676 1351 pro
704 1301 765 1337 Ju'c
794 1297 902 1335 cedet
929 1301 1044 1337 etiam
1076 1299 1394 1348 GuelferbytanO.

263 1359 373 1398 Num,
406 1359 614 1405 cuicunque.
683 1356 818 1391 Turio.
847 1368 922 1391 non
951 1362 1099 1405 cumque
1120 1350 1172 1400 (a¹
1196 1356 1265 1391 sec.
1294 1348 1509 1392 manuun'en

176 1411 256 1453 eum
285 1411 392 1464 quis)
426 1425 517 1448 cum
545 1411 648 1464 Alm.
717 1411 807 1447 Non
838 1424 910 1460 pro
949 1425 1035 1446 num
1071 1411 1214 1447 habent
1255 1411 1375 1448 Tam*
1410 1405 1508 1447 Loc.

174 1463 274 1513 Ven.
294 1470 404 1506 Ruso.
445 1467 519 1503 sed
541 1468 657 1505 Tarv.
682 1467 782 1502 mire
802 1481 877 1503 non
899 1480 979 1503 cum
1001 1468 1082 1517 quis
1103 1475 1198 1504 recte
1216 1480 1290 1503 non
1311 1466 1378 1517 aff.
1409 1466 1507 1504 Obr.

173 1542 264 1565 num
293 1527 489 1573 cuicunque
514 1525 594 1574 quis
617 1527 699 1559 non*
724 1520 791 1571 ciffi
999 1526 1001 1530 '
1190 1531 1192 1533 '

263 1591 304 1618 ut
330 1596 421 1622 eam,
443 1591 547 1629 quae.
589 1579 652 1615 Sic
673 1577 807 1615 Turic-
830 1579 878 1623 (a
898 1585 957 1627 151⁴.
978 1577 1122 1622 manu)
1153 1588 1242 1612 eum
1261 1576 1363 1613 Alm.
1402 1577 1510 1615 utcu

175 1652 270 1689 quae
304 1636 431 1674 Guelf.
464 1636 598 1685 Camp.
630 1647 720 1671 cum
743 1633 862 1671 Goth.
893 1636 968 1679 (ea
990 1645 1071 1668 non
1099 1643 1209 1669 notat
1239 1633 1372 1678 Gesn.)
1406 1631 1509 1672 Vall.

180 1756 182 1758 ·
232 1742 326 1776 eirca
335 1747 487 1788 patrem.
508 1739 662 1773 Poterat
671 1734 812 1784 aliquis

175 1806 322 1842 tentare
351 1802 477 1829 contra
498 1806 535 1840 p.
561 1792 661 1836 (vid.
683 1798 718 1834 5,
752 1799 812 1834 ιδ,

178 1853 266 1898 28.)
322 1849 368 1885 cf.
401 1852 451 1895 §.,
472 1854 536 1891 55.
574 1847 812 1897 apprehendi.

175 1907 251 1944 Sed
279 1918 349 1943 nec
380 1916 491 1952 opus.

237 1970 301 2007 55.
343 1962 411 1996 Cui
435 1961 517 2008 quis
541 1970 618 1992 non
648 1954 814 2003 affuerit.

115 2014 117 2016 ¹
174 2021 281 2055 Haec
294 2029 383 2053 cum
395 2017 438 2051 fit
451 2013 622 2049 constans
636 2011 814 2047 omnium

175 2075 370 2112 librorum
391 2070 588 2118 scriptura,
616 2081 637 2102 a
659 2066 814 2102 nemine

176 2130 307 2167 adhuc'
335 2125 541 2165 solicitata,
579 2135 660 2160 non
689 2133 815 2157 tamen

175 2186 375 2237 possumus
404 2183 447 2217 in
483 2193 523 2215 ea
565 2178 814 2227 acquiescere.

175 2244 237 2279 Ex
268 2253 343 2289 qua
374 2240 400 2274 fi
429 2235 533 2272 ullus
561 2235 683 2270 sensus
725 2232 816 2269 elici

174 2297 320 2348 potest,
349 2305 474 2342 neque
495 2289 620 2327 facilis
640 2289 707 2324 ille
729 2289 814 2329 erit,

176 2353 313 2402 neque
342 2350 520 2386 idoneus.
586 2345 815 2393 Legendum

178 2408 309 2445 censeo
333 2405 492 2455 quisquis
511 2411 547 2438 η’.
575 2416 610 2437 α.
641 2401 688 2436 Id
708 2414 815 2436 nem-

176 2478 226 2515 pe
262 2463 471 2513 probatum
515 2458 592 2495 ivit
632 2456 813 2492 omnibus

177 2521 249 2560 iis,
291 2530 386 2567 quae
420 2515 545 2551 adhuc
587 2512 812 2562 disputavit.

176 2576 280 2614 —Vide
309 2573 412 2609 mihi
433 2575 467 2618 ᾗ.
492 2578 554 2615 50.
583 2569 689 2616 Ergo
717 2569 812 2617 quis-

177 2633 262 2681 quis
292 2649 348 2657 -—
377 2629 524 2663 exheres
559 2627 658 2662 erit?
714 2626 814 2660 Item

178 2690 212 2735 ς.
247 2693 309 2731 58.
350 2683 609 2720 Mutationem
652 2679 813 2728 quidem

177 2741 392 2779 violentam
412 2741 527 2775 nemo
548 2736 701 2775 dixerit.

926 1733 1028 1769 Num
1045 1751 1100 1761 —
1118 1747 1194 1769 non
1212 1733 1374 1782 affuerit.
1405 1735 1509 1770 Con-

869 1790 1026 1837 sequens
1053 1788 1166 1838 plane
1198 1790 1267 1831 est,
1306 1789 1511 1846 postquem

862 1845 1154 1881 dubitationem
1179 1845 1377 1881 movimus
1395 1845 1442 1880 in'
1456 1854 1509 1880 ’σο

872 1900 944 1949 qui
966 1913 1047 1936 non
1066 1900 1229 1940 affuerit,
1260 1910 1305 1935 ut
1321 1901 1401 1946 jam
1421 1913 1509 1936 eant

873 1954 960 1989 dem
993 1956 1185 1989 tentemus
1206 1954 1249 1988 in
1269 1953 1412 1995 altero,
1442 1954 1511 1993 eui

872 2009 1036 2045 debebat
1075 2008 1196 2044 adesse
1245 2008 1363 2045 idem.
1432 2008 1514 2052 Sed,

871 2064 938 2101 hic
987 2064 1139 2101 fortaffe
1190 2063 1330 2100 clarior
1377 2064 1510 2100 existat

871 2120 1065 2161 sententia,
1082 2121 1109 2155 fi
1128 2123 1191 2170 qui
1208 2120 1413 2155 inseramus
1424 2121 1510 2168 post

872 2179 1090 2225 cuicunque,
1134 2176 1205 2212 ubi
1230 2174 1413 2211 facillime
1445 2176 1506 2211 in-

872 2232 1092 2268 tercidebat.
1131 2231 1259 2278 Hujus
1286 2232 1390 2266 enim
1419 2231 1507 2268 aevi

869 2289 1073 2337 scriptores
1128 2288 1329 2336 quicunque
1384 2286 1508 2323 solent

869 2357 1014 2393 ponere
1050 2342 1230 2379 absolute.
1290 2342 1337 2379 cs.
1375 2353 1508 2379 notam

871 2401 955 2437 crit.
984 2412 1077 2435 mox
1106 2398 1153 2433 ad
1177 2411 1327 2447 eumque
1349 2400 1424 2448 qui.

927 2456 988 2505 qui
1004 2462 1174 2503 parentes
1189 2452 1281 2502 suos
1301 2467 1375 2490 non
1387 2454 1503 2490 alunt.

870 2509 918 2549 cf.
942 2519 979 2555 5.
1003 2522 1065 2552 ιο,
1091 2520 1154 2557 97.

926 2576 966 2603 ut
994 2580 1085 2607 eam,
1116 2579 1210 2614 quae
1238 2584 1293 2592 —
1323 2565 1504 2602 vendidit.

870 2626 996 2659 Reum
1014 2621 1301 2670 peregrinitatis
1320 2621 1508 2657 habemus

871 2679 984 2714 etiam
1006 2677 1108 2726 apud
1119 2680 1275 2713 Sueten.
1292 2676 1426 2713 Claud.
1444 2682 1506 2719 ²5·

794 2764 796 2766 ,
870 2736 1037 2771 Matrem
1083 2745 1179 2774 vero
1224 2734 1344 2783 ipsam
1381 2732 1509 2768 civem
